2959 4750
11 733 17 858 l

11 897 14 974 v

579 289 809 368 ..9....,

165 461 338 560 undeciin
364 476 804 578 syllabis'comtantibus‚
838 469 1046 552 hodiernae
1070 481 1225 579 tragos?

166 605 247 676 diae
263 614 385 674 metro
409 597 575 686 solemni,
601 596 788 671 redditum
807 609 874 687 est,
901 621 986 691 quo,
1012 601 1224 672 utJacobsfi

86 725 97 750 ⁸
164 721 315 792 tralatio¹
335 715 485 788 metrica
508 714 581 786 vir
599 713 671 782 dici
687 724 806 805 queat,
831 708 1051 787 factumest.
1102 718 1225 809 Quam

167 837 283 933 partis
307 834 482 904 metricae
507 831 565 900 his
581 831 792 901 nominibus
817 853 895 899 non
918 819 1138 902 laudandam
1153 854 1226 904 na-

168 965 291 1026 turam
314 961 459 1022 tantum
485 946 589 1016 abest
612 946 808 1038 interpres,
833 958 879 1018 ut
896 946 1142 1042 aut'ignoret,
1164 964 1229 1026 aut

170 1081 307 1158 taccat,
341 1077 402 1155 ut,
438 1065 531 1157 quae
554 1061 679 1156 magni
702 1064 776 1135 viri
801 1061 857 1135 e'st
887 1054 1085 1156 modestia,
1105 1063 1229 1141 'facile

171 1209 252 1260 sese
267 1186 312 1256 ab
327 1183 407 1254 aliis
431 1203 541 1275 posse
554 1181 744 1274 praevorti
756 1182 920 1274 ingenue
931 1173 1090 1253 fateatur
1116 1170 1227 1276 (Mus.

172 1300 294 1374 Attico
324 1312 414 1372 torn.
447 1297 513 1369 Ill.
544 1322 581 1390 p.
609 1291 721 1388 iba).
774 1297 957 1371 Omnibus
989 1311 1130 1393 autem,
1166 1305 1230 1397 qui

173 1414 347 1511 Aeschyli
370 1414 569 1508 tragoediis
593 1411 790 1487 vernacule
803 1409 807 1416 ⁴
821 1409 1047 1512 traferendis'
1068 1417 1230 1494 studium

174 1557 398 1627 operamque
424 1531 665 1617 dicaverunt,
681 1531 842 1620 palmam
865 1533 1053 1607 Henricus
1078 1534 1233 1636 Vossius

174 1649 389 1744 praeripuit.
442 1644 556 1737 Cujus
583 1667 675 1737 opus
702 1648 812 1718 etiam
826 1641 1035 1741 propterea
1059 1650 1234 1746 diunrrna

175 1766 308 1859 piaque
332 1763 511 1834 memoria
536 1749 797 1855 dignissimum
823 1775 898 1854 est,
927 1766 1026 1857 quod
1051 1767 1124 1837 duo
1150 1770 1235 1861 viri,

177 1882 224 1951 de
248 1881 381 1951 litteris
404 1866 633 1949 meritissimi
657 1880 696 1948 in
722 1905 767 1949 eo
792 1882 960 1978 occupati
985 1882 1084 1967 diem
1100 1908 1236 1982 supre-

179 2021 283 2093 mum
301 1996 484 2066 obierunt.
534 1992 632 2061 Nam
649 2017 764 2083 quum
786 1995 974 2064 Henricus
990 1995 1239 2097 Vossiusper

180 2102 308 2183 decem
334 2122 371 2182 et
395 2109 537 2201 septem
561 2127 678 2176 annos
698 2105 880 2202 Aeschylo
906 2131 974 2211 suo
1001 2113 1118 2183 otium
1143 2140 1238 2210 ope-

179 2211 331 2322 ramque
355 2236 553 2299 navaverat
578 2233 615 2293 et
645 2206 879 2332 praematura
910 2211 1033 2299 morte
1065 2208 1240 2327 abreptus

181 2342 277 2435 erat,
313 2344 499 2414 lohannes
525 2340 713 2411 Henricus
738 2343 894 2413 Vossius
926 2356 1031 2435 pater
1056 2347 1242 2450 opnsfilii

182 2460 365 2532 adfinem
389 2458 558 2527 nondum
580 2459 803 2549 perductum
826 2458 956 2530 limare
981 2473 1019 2533 et
1037 2464 1147 2537 edere
1172 2462 1242 2566 sibi
1359 2462 1364 2472 '

182 2578 387 2673 proposuit.
437 2572 487 2644 At
511 2576 542 2645 is
569 2599 715 2669 quoque
739 2577 866 2669 paucis
891 2578 996 2647 annis
1021 2593 1107 2673 post
1121 2592 1243 2652 morte

183 2694 384 2787 impeditus
418 2704 492 2780 est,
532 2715 605 2782 quo
646 2694 770 2760 minus
803 2693 985 2763 voluntati
1018 2708 1055 2767 et
1083 2675 1173 2766 'suae
1207 2706 1245 2767 et

185 2808 324 2880 mortui
348 2792 593 2896 satisfaceret,
639 2816 677 2876 et
701 2806 755 2877 ita
778 2805 1007 2879 Abrahamus
1041 2811 1137 2908 alter.
1167 2812 1246 2903 ejus

185 2923 283 3007 filius
316 2906 464 2993 demum
497 2923 778 2997 conversionem
810 2925 918 2995 istam
950 2950 981 2995 a.
1020 2926 1128 2997 1826.
1162 2929 1245 2998 edi-

187 3044 252 3113 dit.
302 3041 414 3129 Quod
441 3063 554 3133 quum
587 3040 638 3108 ita
671 3042 738 3131 sit,
773 3025 943 3133 quilibet,
981 3044 1041 3113 vel
1073 3067 1150 3113 non
1180 3046 1246 3130 in-

188 3168 313 3250 specto
346 3156 440 3226 libro
475 3150 586 3263 facile
613 3166 833 3249 auguratur,
870 3158 1039 3230 virorum
1070 3169 1147 3230 tam
1171 3161 1248 3229 im-
1381 3151 1391 3190 l

188 3272 355 3344 mortalis
387 3274 588 3344 memoriae
621 3296 735 3364 opera
767 3271 906 3368 aliquid
945 3298 1022 3346 non
1063 3276 1254 3345 mediocre

191 3390 362 3461 effectum
388 3413 478 3459 esse.
529 3378 653 3476 Quod'
673 3368 868 3481 augurium
900 3411 977 3459 non
1009 3401 1132 3485 potest
1164 3388 1252 3458 libri

190 3506 409 3575 aceruatiori
434 3500 646 3591 cognitione
671 3527 749 3569 non
771 3504 993 3570 confirmari.
1043 3504 1123 3569 Nec
1142 3503 1252 3592 equi-4

192 3620 278 3690 dem
308 3615 386 3685 ullo
418 3626 525 3709 pacto
558 3614 703 3705 dubito,
747 3616 855 3708 quin,
896 3616 996 3709 quod
1020 3612 1251 3687 Abrahamus

192 3733 348 3806 Vossius
359 3731 593 3803 Praefatione
618 3740 755 3820 narrat,
781 3743 924 3825 patrem
950 3755 1127 3826 sperasse,
1154 3733 1251 3823 fore,

108 3891 111 3895 ·
195 3861 238 3921 ut
260 3848 418 3919 Henrici
442 3848 582 3939 ingenii
606 3846 761 3938 vestigia
791 3872 834 3917 ac
858 3850 1037 3917 memoria
1061 3872 1131 3942 per
1158 3870 1252 3917 cou-

197 3966 406 4042 versionem
432 3962 532 4033 illam
567 3963 776 4056 posteritati
806 3964 1059 4053 traderentur,
1100 3986 1257 4057 prorsus
1312 3998 1316 4006 ⁴

202 4095 240 4155 et
263 4082 409 4177 egregie
433 4090 568 4174 ratum,
586 4075 678 4149 fiat..
713 4078 810 4151 Tam
842 4080 941 4151 enim
966 4080 1155 4152 accuratae
1190 4082 1255 4151 in-
