2959 4750
554 319 820 392 ’-·-17·-

156 507 322 594 Chorus‚
362 503 577 574 Promethei
602 506 816 599 Oceanique
849 505 1074 599 colloquium
1106 512 1229 582 silens'·

32 603 42 720 ,Ι
156 647 272 718 quum
289 623 498 711 audivisset,
508 624 668 692 carmine
683 623 815 693 melico
828 626 935 693 ararici
953 636 1090 695 sortem
1105 627 1217 720 luget,

156 753 194 810 et
216 751 337 809 terrae
357 740 514 830 incolas,
542 741 740 811 Tartarum
773 756 810 814 et
833 744 955 813 fontes
979 744 1068 813 item
1089 743 1219 836 lugere

133 855 369 927 'testificatur
402 853 463 949 (V.
484 855 736 952 [ωδ-444).
794 861 941 929 Deinde
973 861 1216 932 Prometheus

137 970 141 975 ’
154 975 274 1064 ampla
288 976 455 1044 oratione
470 979 633 1066 exponit,
645 987 781 1069 quanta
795 977 923 1047 tulerit
938 981 1074 1048 auxilia
1089 984 1217 1072 generi

151 1090 333 1178 humano,
377 1095 596 1186 quantisque
624 1093 795 1161 homines
833 1094 1020 1163 beneficiis
1053 1096 1216 1168 affecerit

153 1201 215 1300 (V.
227 1203 465 1301 445·-515.).
493 1209 593 1279 Tum
602 1211 747 1279 Chorus
764 1234 868 1301 spem
877 1211 947 1284 sibi
963 1237 1043 1281 esse
1060 1213 1215 1283 dePro-

153 1326 301 1396 metheo
319 1326 526 1398 confitetur.
577 1328 822 1399 Prometheus
831 1330 998 1419 mysterii
1013 1333 1070 1399 sui
1084 1357 1215 1402 rursus

153 1447 381 1514 mentionem
396 1446 493 1513 facit.
522 1445 609 1515 Illae
626 1434 787 1514 carmine
801 1445 933 1513 melico
943 1447 1058 1517 altero
1075 1450 1121 1518 de
1138 1475 1214 1543 spe,

153 1561 252 1628 dulci
267 1564 364 1632 vitae
380 1561 579 1650 medicina,
607 1564 652 1628 de
665 1564 788 1629 'nimio
806 1562 1027 1633 vPromethei
1047 1567 1086 1632 in
1106 1590 1211 1634 mor-

152 1669 241 1748 tales
257 1703 405 1767 amore,
432 1676 480 1744 de
506 1678 645 1746 inflexo
671 1679 772 1749 lovis
796 1678 952 1768 imperio
979 1692 1127 1751 cantant
1151 1677 1212 1772 (V.

152 1793 393 1890 διδ-576).
444 1796 529 1884 Quo
543 1795 648 1866 finito
664 1797 779 1864 intrat
796 1817 942 1862 scenam
957 1795 1018 1885 Io,
1045 1798 1150 1890 virgo
1168 1799 1211 1867 ab

154 1925 276 1980 oestro
295 1917 437 2006 agitata,
465 1937 558 2002 quae
572 1939 592 1980 a
606 1912 844 1999 Promethe0,
863 1912 940 2001 ejus
962 1927 1100 1983 sortem
1118 1939 1212 1984 con-

151 2029 404 2122 ditionemque
414 2031 535 2095 statim
545 2029 784 2118 intelligente,
799 2029 942 2118 quaerit
949 2029 1112 2119 deterre,
1126 2033 1212 2099 ubi-

150 2169 235 2236 nam
260 2149 307 2216 sit
331 2148 410 2239 ipsa
434 2146 618 2237 gentium,
647 2155 683 2214 et
706 2145 771 2213 ubi
795 2145 951 2234 audivit,
979 2149 1073 2216 scire
1096 2149 1212 2238 illum,

150 2265 242 2356 quid
271 2266 340 2334 sibi
365 2267 413 2333 sit
434 2265 621 2352 futurum,
642 2263 694 2356 ,de
711 2262 899 2332 erroribus
918 2265 993 2332 suis
1011 2288 1212 2358 eorumque

151 2381 237 2450 fine.
288 2383 343 2451 Ea
361 2384 495 2469 omnia,
520 2382 593 2451 hnc
608 2380 695 2448 illuc
710 2380 967 2470 interpellante
985 2383 1156 2452 etChoro
1176 2396 1213 2454 et

151 2500 263 2589 lone,
289 2499 535 2569 Prometheus
553 2479 785 2583 vaticinatur,
812 2520 972 2588 quorum
987 2505 1128 2567 summa
1145 2486 1211 2588 est,

149 2617 243 2705 fore,
253 2629 295 2686 ut
311 2618 504 2708 aliquando
520 2640 617 2684 unus
633 2638 679 2682 ex
695 2614 795 2681 Ionis
811 2616 990 2704 progenie
1005 2640 1045 2685 se
1061 2640 1107 2685 ex
1123 2620 1211 2688 vin-

152 2734 242 2801 culis
257 2733 363 2801 tetris
379 2733 521 2799 liberet.
558 2729 701 2823 Quibus
718 2732 877 2820 acceptis
892 2730 953 2797 illa
967 2733 1104 2815 misere
1118 2759 1210 2827 per-

149 2852 222 2919 cita
237 2848 481 2940 flebiliterque
497 2847 625 2939 lugens
641 2847 726 2915 abit.
746 2842 807 2939 (V.
824 2843 1079 2941 577—911.).
1130 2852 1208 2920 lam

149 2967 315 3054 Chorus,
342 2965 441 3033 Ionis
460 2966 671 3036 conditione
686 2967 822 3035 misera
836 2975 872 3034 et
886 2967 1123 3036 matrimonio
1137 2993 1209 3059 pe-

150 3085 277 3152 stifero
297 3094 519 3171 commotus,
550 3082 732 3150 connubia
749 3084 848 3150 inter
865 3083 1032 3175 aequales
1050 3094 1087 3151 et
1102 3108 1209 3175 pares

150 3199 289 3291 optima
312 3224 408 3289 esse,
451 3200 626 3291 pestifera
658 3209 781 3269 autem
811 3185 1030 3292 magnoium
1054 3199 1209 3270 deorum

151 3340 235 3385 cum
250 3317 488 3386 inferioribus
506 3318 668 3385 carmine
684 3318 846 3408 exponit.
872 3311 933 3406 (V.
953 3311 1207 3409 912—942.).

148 3432 219 3501 His
233 3432 477 3502 Prometheus
494 3459 560 3502 sua
578 3435 743 3503 annectit
757 3434 803 3501 de
827 3434 927 3504 lovis
946 3433 1207 3524 imprudentia,

148 3549 211 3642 qui
227 3548 359 3637 impari
369 3548 538 3640 conjugio
549 3552 619 3618 sibi
635 3549 828 3617 interitum
841 3550 920 3638 ipse
935 3561 1130 3639 paratums
1143 3550 1208 3637 sit,

146 3666 230 3737 fore
247 3664 357 3753 enim,
373 3676 414 3734 ut
425 3666 479 3736 ita
494 3678 675 3756 nascatur,
704 3666 767 3760 qui
782 3662 887 3732 illum
903 3665 1071 3756 pessimis
1088 3664 1207 3733 modis
1278 3761 1281 3765 4

89 3798 93 3803 ’
149 3784 195 3851 de
209 3783 345 3852 throno
361 3783 514 3873 dejiciat.
568 3785 668 3853 Tum
677 3783 855 3871 Chorum,
874 3783 938 3874 qui
954 3783 1048 3851 iram
1064 3783 1206 3852 exube-

147 3912 291 3969 rantem
306 3898 515 3967 demulcere
531 3902 675 3989 studet,
701 3902 879 3990 increpat,
905 3911 947 3967 ut
963 3901 1023 3966 cui
1038 3923 1104 3967 suo
1119 3922 1207 3970 mo-.

114 4098 117 4105 Ι
148 4017 235 4087 dulo
260 4017 460 4089 vivendum
483 4018 530 4087 sit
551 4041 620 4110 pro
644 4019 763 4087 futuri
785 4017 963 4107 temporis
987 4014 1205 4108 ignorantia,

146 4160 199 4225 se,
227 4134 316 4229 quid
330 4136 550 4228 ipsepossit,
577 4112 665 4228 quid
678 4135 840 4228 Jupiter,
865 4130 1004 4201 habere
1019 4130 1206 4224 cognitum

978 4258 1000 4327 2
