2959 4750
575 271 828 399 -575-

171 491 292 587 gionis
311 469 314 474 ⁵
332 489 493 588 uulgaris
534 489 671 561 nedum
705 487 889 582 majorum
922 488 1087 584 gentium
1119 488 1236 561 malos

170 631 378 702 pravosque
413 607 588 678 exhibere
622 617 660 678 et
700 606 920 702 depingere,
935 602 969 701 i)
1012 618 1055 678 ut
1083 609 1237 679 licitum-

168 711 251 796 erat
275 723 514 814 Comoediae,
540 727 603 794 eos
628 722 788 794 ludibrio
813 723 961 794 laedere
985 717 1052 816 (sio
1077 726 1238 818 exempli

148 831 150 836 ’
172 841 290 935 gratia
300 837 564 933 Aristophanes
581 839 697 910 Ranis
712 838 901 911 Bacchum
919 834 1135 933 cavillatur),
1159 840 1237 912 hu-

172 957 230 1049 jus
253 956 328 1044 rei,
364 979 473 1049 quam
497 958 608 1027 modo
636 940 966 1048 consideravimus,
998 981 1105 1028 causa
1129 959 1238 1032 altius

172 1069 288 1166 latere
321 1073 570 1165 consequitur.
636 1075 782 1164 Quibus
823 1075 984 1168 pensatis
1017 1097 1238 1168 quamquam

170 1189 334 1282 judicatu
357 1188 572 1260 facillimmn
599 1215 678 1262 esse
701 1190 875 1281 videtur,
898 1186 1141 1284 Aeschylum,
1170 1216 1238 1264 re-

172 1307 241 1377 bus
266 1306 409 1399 diisque
433 1309 696 1402 antiquissimis
726 1309 892 1378 deditum
915 1308 1091 1401 Jovisquc
1115 1331 1239 1404 nupe-

173 1446 375 1517 rorumque
400 1426 555 1496 deorum
581 1425 667 1493 odio
692 1425 893 1514 imbutum,
917 1435 1116 1517 propterea
1137 1426 1241 1496 hunc

174 1540 354 1632 injustum
384 1562 460 1611 una
492 1565 540 1616 ex
563 1550 669 1634 parte
693 1540 845 1631 fecisse,
878 1537 1145 1611 Prometheum
1164 1566 1239 1614 au-

174 1666 250 1740 tem
275 1657 391 1729 altera
415 1681 461 1728 ex
493 1667 599 1750 parte
632 1656 683 1727 ita
716 1656 974 1751 descripsisse,
1017 1667 1060 1727 ut
1092 1670 1240 1752 specta·-

174 1784 275 1844 tores
317 1774 364 1844 ad
402 1754 520 1844 unum
560 1794 688 1843 omnes
729 1774 854 1860 statim
896 1774 974 1866 ejus
1012 1774 1245 1849 benevolam·

174 1891 265 1986 tiam
290 1902 327 1974 et
350 1877 401 1976 in,
413 1890 647 1984 perferendis
661 1889 767 1958 malis
785 1889 1027 1982 pertinaciam
1042 1891 1142 1962 illius
1158 1917 1243 1963 ma-

176 2005 334 2100 lignitati
364 2016 473 2098 atque
507 2002 714 2074 crudelitati
738 2004 849 2096 longe
872 2004 1107 2099 multumque
1129 2030 1245 2100 prae-

176 2121 336 2209 ferrent,
361 2133 485 2193 tamen
503 2118 622 2190 eidem
638 2120 842 2190 sententiae
859 2120 969 2199 etiam
982 2118 1244 2218 ipseAeschy.

177 2236 237 2310 lus
261 2225 453 2333 repugnat.
504 2235 540 2306 Is
568 2237 668 2328 enim
691 2233 968 2332 Agamemnone
994 2237 1041 2311 V.
1062 2238 1144 2313 160.
1165 2265 1242 2338 sqq.

181 2356 347 2428 Chorum
373 2357 557 2428 dicentem
581 2351 688 2426 facit:
842 2339 846 2342 ’

330 2509 438 2611 Zao'c,
464 2517 562 2599 ὅστις
583 2512 664 2592 ποτ’
688 2516 806 2610 ε’στῖν,
832 2520 869 2593 εἰ
891 2510 966 2595 τόθ’
990 2516 1040 2597 αὖ
1060 2556 1111 2577 -

331 2638 383 2733 τῷ
410 2636 517 2731 φίλον
541 2634 755 2731 ιιειιλημένρι,

332 2742 444 2827 τοῦτο’
468 2776 524 2823 νιν
549 2751 788 2849 προσεννέπω.

323 2864 400 2971 οὖν
424 2870 495 2959 ἔχει
521 2856 774 2969 προσεικάσαι,

334 2979 439 3062 πάντ’
459 2974 801 3077 ἐπισταθμώμενος,

333 3094 424 3201 πλήν
446 3094 550 3191 Διός,
576 3102 612 3171 εἰ
633 3092 679 3174 sd
701 3094 825 3194 μοῖταν

334 3211 408 3295 atad
432 3214 626 3316 φροντίδος
651 3214 768 3307 ἄχθος

203 3417 205 3422 ,
310 3329 400 3435 ,χρῆ
424 3340 547 3430 βαλεῖν
571 3325 767 3429 ἐτητύμως·

190 3504 194 3512 -
335 3444 401 3527 τὸν
427 3455 573 3549 φρονεῖν
593 3441 756 3546 βροτοῖς
779 3442 852 3525 ddoi
874 3484 926 3506 ·-

336 3594 468 3655 σαντα,
494 3558 560 3640 τδν
585 3554 700 3639 ποῖθει
722 3556 847 3659 μάθος

337 3687 453 3762 θέντα
477 3679 618 3781 sopior·
631 3681 740 3775 ἔχειν

222 3946 252 4015 ⁸)
270 3945 454 4016 Quamquam
470 3938 580 4012 Diphili
597 3948 640 3996 est
656 3937 734 4012 apud
752 3937 856 3994 Athen.
881 3938 986 4013 Deipn.
1002 3887 1078 3995 llVl.
1101 3956 1132 4009 p.
1148 3939 1209 3992 ινδ.
1224 3938 1262 3999 A.

228 4100 230 4105 Ι
358 4026 395 4085 sis
412 4023 442 4106 αρ’
458 4024 593 4097 τραγῳδοὶ
609 4046 708 4095 φασιν,
727 4024 767 4081 οῖς
784 4023 894 4091 ἐξουσία

357 4115 432 4170 ἔστιν
449 4104 537 4183 λέγειν
554 4104 665 4165 ἅπαντα
682 4117 728 4165 καὶ
748 4113 842 4191 ποιεῖν
856 4106 963 4179 μόνοις.
