2959 4750
156 524 292 596 throno
316 503 478 618 dejicere
502 517 658 616 tollent,
692 537 735 619 ut
765 525 910 620 Jupiter
935 528 1132 620 imperium
1156 517 1231 600 a'ca

153 642 317 736 ciperet,
359 643 421 712 alii
459 642 560 717 Jovis
596 643 831 737 tyrannidem
862 630 1120 738 repudiarent,
1155 647 1225 716 fille

154 760 318 852 primum
343 781 418 829 una
437 775 521 830 cum
538 759 733 831 Titanibus
755 761 877 830 facere
894 761 1072 852 decrevit-‚¹
1090 763 1234 832 deinde*

157 899 266 967 vero,
298 876 363 946 ubi
388 875 458 946 hos
484 877 639 946 consilio
667 862 744 947 suow
761 899 831 946 nec
855 876 1009 946 idoncos
1034 901 1105 948 nec
1128 879 1235 948 faci-·

156 992 211 1062 les
237 1013 317 1062 esse
341 992 583 1086 intelligeret,
613 992 667 1062 -ad
689 1003 822 1086 ‘partes
844 991 937 1064 abiit
956 994 1081 1084 lovis,
1119 996 1227 1089 eique

159 1110 359 1202 persuasit,
387 1109 588 1180 Saturnum
614 1111 655 1180 in
679 1121 819 1182 tartara
843 1132 923 1180 esse
943 1111 1225 1203 detrudendum.

158 1224 263 1310 Haec
288 1224 335 1294 de
354 1247 400 1296 se
416 1226 497 1319 ipse
514 1236 641 1297 narrat
655 1224 716 1312 ·V.
731 1245 959 1315 πον-929.
1009 1225 1097 1296 Non
1113 1230 1229 1322 igitur

158 1341 362 1411 immunem
395 1364 424 1410 a
453 1339 645 1413 ‘seditionis'
678 1341 973 1435 proditionisque
997 1344 1112 1438 culpa
1146 1370 1230 1418 sese

158 1458 339 1551 praebuit.
388 1455 511 1545 Tum,
538 1457 684 1548 generis
709 1457 864 1525 humani
887 1476 1014 1530 amore
1040 1471 1078 1530 et
1105 1463 1228 1532 bene*

161 1575 325 1646 volentia
357 1583 484 1666 captus
499 1585 621 1660 tsuam,
648 1571 750 1655 loris
772 1576 951 1666 ‘opposuit
982 1576 1164 1648 voluntati
1189 1589 1230 1648 et

161 1690 213 1760 ita
237 1691 362 1784 ignem
392 1674 434 1758 ¹et
463 1698 538 1758 una
562 1713 647 1758 cum
672 1711 717 1788 co
744 1699 842 1760 artes
865 1691 993 1762 invito
1009 1692 1077 1762 illo
1101 1693 1234 1763 homi-·

163 1801 271 1878 uibus
297 1805 459 1878 tradidit.
507 1805 625 1896 Quod
649 1827 764 1900 quum
788 1805 840 1876 ite
865 1817 980 1896 esset,
1006 1829 1084 1877 non
1102 1808 1230 1880 solum

164 1925 344 2010 Saturno,
366 1923 521 1990 domino
542 1947 609 1990 suo
627 1921 785 2012 *antiquo
802 1922 949 2011 nocuit,
974 1947 1105 1996 verum
1120 1925 1236 1994 etiam>

162 2040 265 2128 lovi,
292 2037 396 2129 cujus
421 2039 503 2128 ipse
526 2036 754 2108 'stabiliverat
773 2038 993 2128 imperium,
1020 2060 1097 2108 non
1117 2040 1231 2110 obse-

162 2145 345 2229 cundavit.
395 2152 481 2243 Qua
506 2155 552 2224 de
575 2171 685 2223 causa
699 2154 845 2247 Jupiter
866 2153 982 2224 iratus
1008 2177 1093 2224 eum
1109 2144 1233 2249 poena

165 2273 286 2343 affecit
312 2271 398 2342 satis
420 2288 513 2339 sane
532 2269 695 2342 'terribili
720 2294 763 2338 ac
788 2270 939 2340 crudeli.
990 2271 1113 2366 Atque
1135 2275 1233 2343 hanc

164 2391 309 2484 eulpam
335 2388 510 2460 luendam
544 2410 624 2457 esse
657 2388 902 2478 Prometheo,
939 2390 1064 2462 verbis
1097 2392 1238 2482 apertis·

164 2507 388 2605 eloquuntur
422 2503 554 2573 Cratos
587 2516 625 2575 et
655 2504 727 2605 Bia
756 2504 803 2576 V.
831 2526 984 2594 7-11.
1033 2504 1234 2576 ¹Vulcanus

165 2622 213 2699 V.
232 2607 289 2691 28.
309 2624 368 2691 50.
412 2609 657 2703 Prometheus
674 2618 721 2691 V.
743 2621 826 2688 125.
853 2622 958 2710 alibi,
982 2643 1105 2715 neque
1121 2621 1235 2715 igitur

166 2752 263 2831 erat,
290 2736 390 2832 quod
413 2735 515 2805 idem
538 2733 587 2804 V.
606 2736 835 2821 229-251.
862 2728 1017 2807 diceret:

447 2940 449 2949 s
574 2885 690 2997 τοιοίδ’
711 2898 748 2979 ἐξ
771 2892 864 2990 ἐμοῦ
1163 2973 1165 2978 ,

318 3011 437 3087 ὁτῶν
462 3010 562 3086 θεῶν
580 3004 764 3109 ’τύραννος
790 3007 1017 3110 ὠφελημένος
1070 3044 1073 3047 -
1192 3060 1194 3065 .
1240 3067 1242 3070 .

233 3144 236 3153 ⁴
318 3134 457 3203 κακαῖσι
476 3132 622 3209 ’ποιναῖς
647 3128 770 3209 τάΐςδὲ
786 3122 827 3221 ’μ’
852 3124 1116 3227 α’ντημείψατο.
1167 3153 1170 3158 ·

169 3301 293 3388 ratoldo
329 3310 429 3380 enim
460 3293 524 3378 illa
554 3332 631 3379 non
651 3304 805 3377 ‘merces'
831 3321 938 3379 erant
959 3308 1239 3400 beneficiorum,

168 3432 209 3501 in
224 3430 355 3501 lovem
371 3424 606 3513 collatortun,
632 3422 698 3493 sed
722 3445 843 3515 poena
868 3423 1099 3496 delictorum.
1151 3428 1239 3495 Huc

170 3544 329 3633 accedit,
372 3550 415 3610 ut
447 3560 516 3639 per
548 3549 664 3608 totam
695 3538 776 3608 fere
809 3538 970 3607 fabulam
995 3540 1244 3611 Prometheus

170 3684 249 3734 non
273 3656 512 3746 intermittat,
539 3665 670 3726 contre
695 3654 853 3725 deorum
876 3655 1104 3751 principem,
1138 3668 1242 3729 cete-

172 3800 310 3869 rosque
336 3777 444 3863 deos,
480 3796 573 3866 quos
599 3774 680 3868 ipse
704 3796 837 3867 magna
862 3786 1040 3867 exparte
1065 3774 1244 3867 dignitate

174 3905 212 3965 et
236 3888 453 3962 muneribus
478 3889 697 3982 donaverat,
727 3889 969 3965 vehementer
988 3892 1187 3964 uociferari
1207 3902 1245 3962 et

68 4055 70 4059 -
178 4004 420 4087 contumelias
447 4007 558 4078 minis
590 4009 726 4079 mixtas
759 4007 939 4101 proferre.
998 4008 1101 4078 Dicit
1133 4010 1244 4099 enim,

174 4128 277 4217 fore,
317 4136 359 4197 ut
389 4120 533 4220 Jupiter
567 4127 721 4205 stultitia
754 4125 930 4196 abductus
969 4125 1246 4209 matrimonium
