2959 4750
610 289 844 369 ιιι-7.-

192 477 366 568 rioribus,
392 477 573 567 excutiat,
601 500 716 573 eaque
741 476 867 550 omnia
888 479 1118 574 argumentis
1142 482 1255 557 cerlis

191 595 299 666 etad
323 594 554 688 probandum
576 594 721 666 idoneis
748 594 952 666 ceufinnet.
1001 594 1125 692 Atque
1138 601 1171 669 si
1190 611 1251 671 tu-

108 726 117 742 ·
190 712 235 782 lis
261 712 388 782 critica
412 710 457 780 ad
482 723 650 786 veterum
674 715 858 806 carmina,
891 710 1075 804 imprimis
1099 714 1153 783 ad«
1168 724 1252 785 tra-

188 828 336 920 goedias
360 850 508 922 graecas
533 829 756 922 applicatur,
788 831 830 900 in
856 829 988 924 quibus
1012 831 1117 923 quasi
1139 829 1251 900 fasd-

188 946 288 1037 gium
313 945 435 1038 poesis
462 947 644 1037 cernitur,
678 947 917 1040 intelligimr,
950 957 1129 1040 quantum
1161 945 1251 1014 inde

187 1071 267 1130 tum
291 1061 338 1130 ad
362 1061 587 1153 tragicorum
611 1071 825 1157 poetarum,
858 1073 941 1141 tum
966 1063 1013 1131 ad
1036 1063 1151 1134 totins
1175 1083 1249 1130 an-

186 1177 364 1270 tiquitatis
403 1201 557 1272 graecae
593 1181 843 1275 cognitionem
881 1178 1069 1276 redundet
1107 1177 1249 1247 auxilii.

187 1293 268 1363 lam
292 1317 384 1366 vero
410 1317 524 1388 quum
548 1297 628 1390 illa,
656 1322 766 1393 quam
780 1296 893 1370 modo
908 1295 1112 1389 significari
1126 1294 1246 1364 ratio-

186 1431 292 1500 nem,
325 1407 498 1505 Aeschyli
521 1414 787 1490 Prometheum
812 1416 979 1487 vinctum
1012 1411 1248 1484 considerare

186 1537 234 1615 et,
260 1527 292 1595 si
306 1526 388 1596 lieri
412 1531 563 1619 poterit,
587 1531 775 1603 illustrare
789 1533 830 1601 in
845 1531 1009 1601 animum
1022 1528 1247 1614 induxerim,

184 1652 311 1731 utne,
337 1641 401 1734 qui
426 1653 502 1712 tam
527 1643 664 1715 inflatis
689 1647 814 1716 buccis
832 1647 997 1737 ejusdem
1021 1670 1154 1739 praeco
1180 1644 1246 1711 iu·-

182 1759 455 1849 tcrpretetionis
493 1761 642 1831 criticae
675 1761 901 1853 exstiterim,
941 1762 983 1830 in
1014 1759 1246 1852 arrogantiae

182 1875 429 1966 suspicionem
453 1877 632 1965 incidam,
666 1875 739 1946 hoe
773 1888 860 1948 ante
883 1878 1009 1947 omnia
1032 1888 1089 1948 est
1113 1877 1245 1945 dicen-

181 1991 290 2077 dum,
315 2013 376 2058 me
400 1990 517 2060 labori
542 1992 734 2082 proposito
761 1994 980 2061 satisfecisse
1003 1993 1097 2060 mihi
1121 1993 1247 2082 ipsum

180 2106 334 2184 minime
348 2104 486 2193 videri,
511 2103 673 2175 voluisse
686 2115 811 2176 autem
834 2105 1160 2176 fundamentorum
1183 2105 1244 2194 ja-

181 2222 397 2294 ciendorum
422 2220 634 2314 exemplum
660 2222 1028 2318 quantulumeunque
1053 2221 1243 2308 exhibere,

180 2340 312 2434 quibus
337 2362 359 2407 a
382 2337 685 2430 prudentioribus
710 2340 1098 2434 ingeniosioribusque
1134 2337 1243 2408 aedi·-

177 2457 262 2525 ficia
275 2452 486 2545 hujusmodi
500 2452 625 2521 critica
643 2465 1000 2548 superstruerentur.
1051 2455 1147 2524 Satis
1165 2453 1241 2546 igi-

42 2572 66 2587 *
179 2585 242 2645 tur
265 2571 420 2657 habebo,
446 2568 478 2637 si
503 2568 577 2640 viri
601 2568 733 2640 harum
758 2593 887 2640 rerum
911 2571 1024 2663 periti
1042 2594 1194 2663 operam
1219 2594 1242 2638 a

178 2714 238 2760 me
252 2710 330 2757 non
346 2708 500 2778 prorsus
516 2685 704 2755 incassum
720 2687 841 2755 datam
858 2710 939 2756 esse
957 2687 1213 2777 judicaverint
1227 2728 1231 2733 ·
1349 2730 1353 2734 -

275 2799 397 2872 Ausus
431 2821 533 2887 sum,
576 2799 878 2869 commentationi
893 2866 896 2871 ,
911 2802 1060 2871 criticae
1101 2802 1239 2870 addere

175 2909 408 2992 tielationem
432 2914 679 2989 vernaculam.
729 2912 784 2987 Ac
809 2918 896 2987 sunt
919 2918 1117 3008 nonnulla,
1145 2938 1239 3009 quae

175 3038 216 3105 in
239 3036 312 3105 hoc
338 3033 532 3102 conamine
556 3056 669 3122 genas
695 3043 843 3103 nostras
866 3035 1021 3125 pudoris
1046 3034 1236 3124 cujusdam

174 3153 312 3223 rubore
336 3149 558 3237 suffirndaut,
584 3150 720 3219 timore
739 3169 811 3217 nos
835 3148 1025 3240 impleant,
1053 3161 1093 3219 et
1117 3172 1235 3219 excu-

169 3268 315 3367 satione
339 3266 627 3359 defensioneque
647 3287 872 3357 magnopere
895 3265 1064 3357 indigere
1078 3265 1237 3340 videan-

173 3396 245 3453 tur.
296 3382 366 3451 Est
390 3382 491 3451 enim
516 3380 673 3473 aliquid,
698 3378 891 3471 Aeschyli,
916 3392 1048 3471 poetae
1073 3382 1235 3450 maxime

173 3496 425 3589 grandiloqui,
458 3496 685 3581 tragoediam
710 3497 1080 3583 praestantissimam,
1117 3494 1233 3563 intel-

171 3613 270 3683 lectu
294 3602 356 3677 hie
379 3606 455 3676 illic
480 3603 748 3693 difficillimam,
779 3605 982 3675 transferre
1005 3607 1047 3674 in
1070 3607 1234 3699 linguent

172 3724 428 3819 germanicam,
454 3747 476 3793 a
500 3744 630 3817 graeca
644 3729 721 3788 tam
736 3718 933 3810 diversam,
957 3734 1076 3792 metra
1089 3746 1231 3816 graeca,

174 3842 332 3911 maxima
356 3864 404 3907 ex
428 3849 534 3931 parte
559 3836 710 3907 auribus
742 3838 959 3929 germanicis
984 3838 1121 3927 aliens,
1156 3838 1230 3905 do-

173 3959 324 4027 mestico
358 3976 529 4025 sermone
563 3954 791 4047 exprimere,
833 3966 871 4024 et
906 3955 1006 4047 quod
1045 3978 1231 4024 summum

176 4086 252 4165 eet,
266 4136 269 4143 ,
282 4084 385 4145 tauta
409 4072 553 4163 moliri,
597 4083 792 4166 postquam
824 4072 897 4143 tiri
930 4072 1070 4169 ingenii
1100 4068 1229 4163 splen·
1335 4088 1339 4098 ¹
