2959 4750
501 291 838 362 ·-23-

178 473 463 568 Aeschylearum
489 471 698 568 οἰκονομία,
720 474 858 566 duplex
878 481 940 544 'est
954 489 1113 548 causaet
1126 480 1243 572 origo,

178 615 252 661 nna
273 593 313 660 in
334 593 457 683 poesis
481 593 610 662 intima
627 605 779 680 nauus,
805 591 921 662 altera
943 593 984 660 in
1006 596 1130 686 poesis
1152 597 1243 664 dra-

175 709 329 779 maticae
354 708 451 800 apud
475 707 637 778 Graecos
663 711 807 802 origine
829 711 907 779 sita.
958 708 1055 778 Nam
1078 711 1177 804 quod
1198 713 1245 780 ad

176 828 339 919 priorem
355 826 487 894 attinet
502 851 666 915 causam,
694 850 737 895 ca
755 836 811 894 est
825 827 948 918 poesis
963 839 1112 917 natura,
1139 838 1181 897 ut
1197 829 1241 897 ab

176 943 285 1012 rebus
310 943 441 1032 gestis,
476 967 569 1034 quae
590 943 748 1035 populos
772 945 933 1013 maxime
963 953 1244 1017 commoverunt

176 1061 390 1150 animosque
406 1056 646 1128 vehementer
663 1061 876 1147 incitarunt,
888 1063 1110 1130 exornandis
1128 1071 1164 1130 et
1181 1060 1242 1129 ef-

175 1174 355 1268 fingendis
372 1173 552 1244 ordiatur:
584 1175 752 1264 Quarum
771 1200 885 1269 quum
900 1200 1030 1245 recens
1047 1179 1095 1246 sit
1110 1178 1149 1244 in
1165 1176 1241 1245 ho-

176 1293 334 1360 minibus
352 1293 549 1380 memoria,
574 1293 606 1359 si
629 1293 761 1361 ordine
785 1317 871 1382 suo,
897 1293 959 1361 hio
982 1293 1057 1362 illic
1078 1295 1239 1380 insertis,

174 1431 265 1502 quae
280 1419 388 1500 poeta
402 1409 480 1499 ipse
496 1409 640 1478 invenit
656 1412 829 1501 notisque
846 1410 1003 1497 addidit,
1029 1422 1241 1497 narrantur,

173 1523 215 1594 fit
227 1538 326 1612 tum,
353 1535 396 1593 ut
420 1525 464 1590 ab
485 1523 530 1590 iis
555 1523 827 1617 intelligantur,
854 1551 1012 1617 quorum
1034 1528 1241 1619 intelligere

173 1642 345 1728 interest,
371 1651 470 1725 tum,
498 1649 541 1706 ut
568 1641 691 1711 vivida
713 1643 915 1735 pulcraque
943 1645 1091 1712 illarum
1119 1645 1240 1734 imago

169 1757 374 1850 legentibus
398 1755 677 1828 audientibusve
700 1772 993 1853 proponaturtet
1007 1762 1238 1830 obversetur.

171 1874 226 1958 Ita
242 1862 423 1959 nascitur,
450 1874 482 1940 si
494 1884 640 1962 tempus
657 1877 822 1965 respicis,
848 1878 1010 1967 primum
1030 1877 1154 1968 poesis
1170 1899 1239 1967 ge·-

172 2013 261 2078 nus,
289 1991 443 2080 epicum.
496 1987 582 2074 Quo
600 1990 639 2055 in
656 2015 793 2081 genere
813 1994 1006 2082 primarias
1022 2004 1146 2083 partes
1162 1991 1241 2081 agit

171 2116 298 2198 poeta,
327 2107 390 2196 qui
406 2114 550 2172 tantum
565 2102 686 2191 abest,
713 2117 758 2173 ut
779 2107 858 2199 ipse
882 2110 940 2176 sui
963 2109 1159 2175 immemor
1179 2107 1239 2194 sit,

173 2235 210 2292 et
222 2222 392 2290 carminis
410 2219 585 2289 causasui
600 2243 754 2312 prorsus
764 2225 1001 2296 obliviscatur
1018 2220 1141 2317 (quam
1155 2224 1239 2295 vir-

169 2349 286 2409 tutem
302 2340 457 2408 barbare
466 2337 565 2405 dicas
577 2335 619 2405 V
615 2337 846 2432 arleugnung
853 2342 923 2411 der
930 2336 1237 2436 Subjectivitaet)‚

170 2470 212 2527 ut
226 2456 325 2526 solus
342 2458 421 2549 ipse
437 2458 561 2526 omnia
582 2456 800 2549 conjungat,
828 2459 952 2525 omnia
975 2471 1124 2529 enarret
1146 2460 1238 2549 ipse,

170 2586 297 2667 atque,
323 2575 374 2661 si,
400 2576 498 2666 quod
512 2587 622 2667 poeta
636 2573 821 2644 narrando
839 2576 933 2667 agit,
960 2577 1114 2643 carmini
1131 2576 1237 2665 epico
1348 2598 1357 2613 ⁸

170 2692 376 2760 subducere
399 2693 512 2779 velis,
538 2700 658 2760 totum
682 2692 860 2759 orationis
883 2689 988 2761 filum
1010 2692 1239 2761 incideretur

166 2808 452 2899 necquidquam
476 2808 547 2875 nisi
571 2806 675 2877 rudis
698 2806 954 2900 indigestaque
975 2808 1091 2876 moles
1112 2831 1237 2876 reme-

170 2934 286 2993 neret.
351 2925 430 2993 Jam
453 2926 518 2995 ubi
538 2926 680 2994 animus
706 2923 890 2993 humanus
913 2927 1028 3017 magis
1049 2925 1239 3017 magisque

169 3042 369 3129 excolitur,
405 3044 469 3111 ubi
492 3055 589 3111 artes
617 3054 655 3110 et
676 3042 844 3111 liberales
870 3042 1083 3133 disciplinae
1105 3018 1236 3109 laetius

172 3156 403 3225 efflorescere
419 3157 621 3250 incipiunt,
646 3171 727 3228 tum
749 3157 812 3225 ille
827 3158 938 3226 etiam
953 3160 993 3226 in
1008 3157 1113 3249 poesi
1129 3155 1237 3225 altius

170 3275 295 3365 spirat.
347 3274 574 3367 Simulatque
596 3279 712 3369 igitur
728 3275 859 3363 sentit,
886 3299 960 3367 quo
984 3275 1166 3345 remotior
1188 3272 1238 3344 sit

168 3400 277 3484 poeta
300 3414 320 3458 a
344 3392 402 3458 sui
427 3402 464 3461 ct
480 3393 701 3483 cogitatione
718 3402 755 3460 et
770 3394 988 3478 mentione,
1015 3415 1059 3459 eo
1080 3390 1237 3483 propius

171 3530 256 3575 eum
271 3530 292 3572 a
309 3530 452 3573 summo
472 3509 594 3597 poesis
620 3508 781 3573 culmine
804 3508 949 3591 abesse,
975 3530 1052 3573 non
1078 3504 1234 3594 amplius

126 3679 136 3693 ,
170 3634 365 3692 contentus
388 3633 443 3691 est
465 3622 623 3713 simplici
647 3622 709 3689 illa
726 3644 852 3689 rerum
876 3630 1062 3710 gestarum
1079 3642 1234 3689 enarra·-

169 3740 291 3829 tionc,
318 3740 454 3831 quippe
468 3762 561 3832 quae
577 3739 744 3808 obtusius
768 3738 814 3805 ad
835 3735 1117 3826 intelligendum
1141 3760 1233 3804 acu-

168 3878 254 3953 men
269 3857 451 3948 requirat,
478 3878 586 3945 quam
603 3880 675 3948 quo
693 3879 733 3923 se
748 3854 891 3945 pollere
906 3853 1043 3920 mirum
1058 3863 1236 3945 quantum

171 3972 314 4064 gaudet.
375 3969 425 4041 At
447 3994 538 4064 quae
564 3971 654 4041 haec
679 3982 734 4041 est
758 3971 900 4065 ingenii
928 3969 1093 4058 luxuria,
1128 3967 1234 4036 aliam

173 4089 263 4160 novi
293 4090 439 4181 generis
462 4112 607 4158 causam
633 4089 788 4158 dicimus
819 4088 1013 4181 penuriam
1043 4085 1233 4179 quandam.
