2959 4750
238 458 465 561 nmduertat,
491 473 539 544 ad
564 482 737 568 quantem
762 465 978 542 Promethei
994 463 1222 561 'Aeschyleae
1247 477 1313 538 sr-

240 608 459 696 gumentum
484 593 641 662 oliorum
665 587 891 685 populorum
906 585 1145 659 revelationis
1159 584 1314 659 'divinae

242 714 390 787 accedat
426 711 718 781 similitudinem.
789 707 893 778 Dico'
925 715 1050 774 autem
1096 702 1315 791 doctrinam,

244 853 338 927 quae
354 829 428 900 Dei
451 827 571 898 lilium
595 829 637 898 in
661 838 801 898 terrem
821 820 1073 911 descendisse,
1099 819 1318 890 hominess

243 947 351 1018 malis
375 945 573 1017 hheratnrn
607 955 645 1016 et
676 942 833 1013 meliora
857 940 905 1010 de
936 938 1048 1010 rebus
1075 936 1211 1009 divinis
1242 934 1318 1004 do·-

184 1044 188 1052 ’
246 1057 348 1135 otum
374 1062 538 1155 exponit.
590 1058 644 1131 Ao
670 1071 771 1130 certe
790 1060 823 1130 si
839 1056 1042 1129 Christiani
1068 1052 1232 1154 σωτῆρος
1255 1050 1319 1124 vic·

245 1191 322 1251 tam
346 1190 384 1250 et
404 1178 500 1249 saeta
518 1205 603 1250 cum
614 1178 839 1250 Prometheo
856 1185 1129 1267 comparemus,
1154 1171 1320 1264 primunt

246 1297 287 1367 in
313 1319 358 1365 eo
384 1298 628 1386 conveniunt,
655 1293 755 1386 quod
779 1314 909 1361 eorum
935 1291 1089 1383 quisque
1116 1283 1320 1357 erudiendo

247 1411 378 1507 generi
408 1411 572 1480 humano
591 1431 758 1504 ⁹operum
789 1407 965 1495 ncvcbat,
1000 1406 1171 1475 Christus
1196 1414 1321 1496 cutem
1381 1389 1384 1395 ¹

248 1526 471 1622 spiritalem,
497 1538 542 1596 ut
558 1525 631 1596 hoo
651 1536 757 1615 utar,
784 1524 808 1593 i.
828 1545 859 1594 e.
883 1523 1050 1612 animae,
1074 1520 1322 1596 Prometheus

247 1642 492 1738 temporalem
514 1643 711 1714 hominum
733 1650 893 1712 mortem
917 1639 1137 1733 prohibebat
1156 1633 1220 1734 (Vs
1238 1635 1323 1707 244'.

252 1755 354 1853 245.)
912 1786 916 1796 ·
975 1789 977 1796 v

249 1885 258 1898 ‘
692 1861 921 1972 εἐερυσᾶμην·
937 1865 1095 1971 βροτοιῗς
1170 1889 1174 1902 ²
1286 1898 1302 1912 ··

247 1985 252 1996 ⁴
304 2007 307 2013 '
355 2047 361 2054 -
400 1985 470 2066 τοῦ
494 1981 549 2090 μῆ
573 1992 874 2093 διαρραισθέντας
899 1993 950 2073 cic
974 1993 1092 2068 Anac
1113 1992 1256 2086 polein·
1295 2017 1297 2020 ·

252 2137 334 2196 tum
358 2146 449 2198 vero
476 2124 608 2217 cuique
634 2149 769 2221 eornm
789 2135 945 2218 propter
961 2121 1158 2218 beneficio,
1192 2121 1326 2216 quibus

254 2264 371 2335 genus
385 2239 591 2310 humanum
606 2241 867 2330 cumulaverat,
888 2241 1069 2310 eruciatus
1087 2251 1193 2312 erunt
1211 2240 1327 2310 sube-

211 2385 214 2391 ’
254 2339 357 2429 undi.
406 2357 605 2428 Praetereo
625 2370 769 2450 cutem,
795 2357 895 2453 quod
913 2382 982 2451 per
995 2359 1153 2430 interest
1168 2356 1327 2429 multum

256 2474 397 2543 Christi
418 2475 593 2564 pietatem
614 2477 956 2567 perfectionemque
986 2474 1086 2543 inter
1107 2484 1145 2544 et
1166 2474 1327 2543 Prome·-

255 2590 336 2667 thei
359 2611 437 2658 non
458 2588 664 2681 perlectam
682 2601 874 2679 naturam,
906 2588 980 2658 hoc
1010 2591 1121 2659 etium
1150 2610 1329 2681 maguum
1389 2636 1392 2639 -
1471 2592 1472 2683 J

257 2708 356 2776 inter
379 2728 444 2775 eos
465 2704 664 2777 discrimen
690 2730 771 2782 esse
792 2717 963 2800 apparet,
992 2708 1093 2801 quod
1116 2706 1178 2775 ille
1202 2730 1223 2773 n
1243 2705 1328 2778 Deo

256 2834 363 2917 patre
385 2822 431 2890 ad
457 2844 550 2914 opus
575 2824 616 2891 in
639 2835 740 2894 terra
763 2824 985 2915 patrandum
1006 2823 1147 2915 legatus
1171 2822 1210 2891 id
1233 2842 1327 2891 con-

258 2938 442 3007 sentiente
467 2936 597 3005 eodem
618 2940 794 3031 perfecit,
820 2939 1064 3011 Prometheus
1081 2940 1200 3012 invito
1229 2938 1327 3009 deo-

259 3181 333 3233 steht
347 3197 400 3230 nur
413 3175 613 3245 verwirrung.“
645 3187 672 3231 et
687 3197 717 3250 p.
732 3196 792 3235 no.
815 3180 896 3244 „Am
914 3180 1063 3249 wenigsten
1080 3180 1201 3233 koennen
1219 3176 1270 3231 evit
1286 3174 1331 3230 dic

260 3265 320 3314 ides
332 3262 406 3311 eines
418 3259 560 3319 leidenden
574 3269 682 3329 gotter,
705 3261 754 3325 der
767 3262 811 3313 bei
825 3264 877 3315 den
890 3262 988 3315 beiden
1006 3280 1059 3315 nur
1075 3264 1119 3317 die
1138 3263 1262 3317 leidende
1273 3263 1332 3315 und

260 3345 399 3401 sterbende
418 3343 483 3397 aber
508 3344 546 3395 im
567 3348 617 3399 tod
638 3346 887 3418 unvergcengliche
905 3357 991 3399 natur
1010 3350 1068 3402 und
1091 3348 1176 3403 durch
1193 3347 1266 3401 diese
1285 3346 1331 3399 ein

260 3432 433 3488 trostreicltes
445 3427 568 3484 sinnbild
578 3430 627 3482 der
640 3431 804 3485 menschheit
819 3434 872 3498 ist,
889 3432 933 3485 als
945 3434 1096 3505 Dionysos,
1113 3435 1220 3489 Adonis
1235 3449 1332 3487 mure.

261 3519 313 3575 mit
333 3520 394 3571 dem
411 3532 505 3589 gange
522 3514 571 3566 der
590 3516 725 3589 dicktung
743 3518 942 3573 vereinbcrliclr
954 3520 1085 3589 finden.“
1124 3520 1186 3591 Ego
1203 3535 1273 3572 vero
1291 3517 1332 3573 sie

262 3605 393 3659 existimo
400 3625 412 3667 ‚-
440 3601 464 3655 si
488 3599 626 3655 beneficia
649 3602 747 3673 generi
770 3602 898 3658 hnmano
916 3621 932 3656 a
949 3604 1120 3659 Prometheo
1136 3604 1236 3658 oblata
1253 3604 1333 3672 ejus-

263 3707 320 3761 que
341 3689 485 3743 crcciatus
507 3703 564 3759 pro
591 3684 758 3741 hominihus
786 3680 931 3759 perpessi,¹
957 3688 1096 3762 Aeschylo
1130 3687 1238 3742 nullius
1263 3704 1332 3742 mc-

263 3774 352 3828 menti
371 3772 497 3833 luissent,
515 3779 578 3825 tum
591 3788 643 3824 nec
656 3772 818 3844 longiorem
830 3772 1037 3830 beneficiorum
1055 3766 1221 3831 hominihus
1238 3773 1331 3829 colla-

261 3866 361 3913 torum
381 3858 591 3913 cremationem
610 3858 705 3914 locum
723 3868 835 3926 tencre,
853 3876 946 3932 neque
956 3862 1076 3918 omnino
1086 3859 1248 3914 Promethei
1261 3876 1332 3932 per-

263 3962 364 3998 sonam
381 3944 490 4017 tragica
505 3944 641 4016 dignitate
659 3946 798 4017 insignem
818 3963 886 3999 csse.
921 3948 987 4018 Quo
999 3948 1033 4001 de
1046 3946 1241 4011 conferantur,
1257 3960 1331 4017 quae

265 4030 347 4085 tertia
372 4040 399 4084 ot
425 4031 461 4085 ab
485 4030 582 4084 initio'
592 4030 710 4103 hujusce
726 4031 818 4106 partis
834 4032 1082 4089 commentationis
1097 4036 1212 4087 nostrae
1229 4030 1332 4104 dispu-

266 4122 323 4168 tala
340 4126 416 4170 sunt.
