<?xml version="1.0" encoding="UTF-8"?>
<!DOCTYPE html PUBLIC "-//W3C//DTD XHTML 1.0 Transitional//EN"
    "http://www.w3.org/TR/xhtml1/DTD/xhtml1-transitional.dtd">
<html xmlns="http://www.w3.org/1999/xhtml" xml:lang="en" lang="en">
 <head>
  <title>
</title>
<meta http-equiv="Content-Type" content="text/html;charset=utf-8" />
  <meta name='ocr-system' content='tesseract 3.04.00' />
  <meta name='ocr-capabilities' content='ocr_page ocr_carea ocr_par ocr_line ocrx_word'/>
</head>
<body>
  <div class='ocr_page' id='page_1' title='image "./commentatiodeae00aescgoog_0013.png"; bbox 0 0 2959 4750; ppageno 0'>
   <div class='ocr_carea' id='block_1_1' title="bbox 579 286 847 384">
    <p class='ocr_par' dir='ltr' id='par_1_1' title="bbox 579 286 847 384">
     <span class='ocr_line' id='line_1_1' title="bbox 579 286 847 384; baseline 0.011 -3"><span class='ocrx_word' id='word_1_1' title='bbox 579 286 847 384; x_wconf 68' lang='lat' dir='ltr'><strong>--11--v</strong></span> 
     </span>
    </p>
   </div>
   <div class='ocr_carea' id='block_1_2' title="bbox 173 493 1323 4202">
    <p class='ocr_par' dir='ltr' id='par_1_2' title="bbox 173 493 1323 1412">
     <span class='ocr_line' id='line_1_2' title="bbox 176 493 1233 594; baseline 0.002 -23"><span class='ocrx_word' id='word_1_2' title='bbox 176 513 233 572; x_wconf 85' lang='lat' dir='ltr'><strong>ter</strong></span> <span class='ocrx_word' id='word_1_3' title='bbox 258 508 436 594; x_wconf 83' lang='lat' dir='ltr'><strong>gratoque</strong></span> <span class='ocrx_word' id='word_1_4' title='bbox 460 493 501 568; x_wconf 87' lang='lat' dir='ltr'><strong>in</strong></span> <span class='ocrx_word' id='word_1_5' title='bbox 525 506 714 568; x_wconf 85' lang='lat' dir='ltr'><strong>mortuum</strong></span> <span class='ocrx_word' id='word_1_6' title='bbox 740 495 863 569; x_wconf 82' lang='lat' dir='ltr'><strong>animo</strong></span> <span class='ocrx_word' id='word_1_7' title='bbox 898 493 1094 591; x_wconf 85' lang='lat' dir='ltr'><strong>confiteor,</strong></span> <span class='ocrx_word' id='word_1_8' title='bbox 1129 498 1233 573; x_wconf 85' lang='lat' dir='ltr'><strong>Vos-</strong></span> 
     </span>
     <span class='ocr_line' id='line_1_3' title="bbox 175 612 1323 709; baseline 0 -21"><span class='ocrx_word' id='word_1_9' title='bbox 175 621 270 688; x_wconf 86' lang='lat' dir='ltr'><strong>sium</strong></span> <span class='ocrx_word' id='word_1_10' title='bbox 296 626 334 687; x_wconf 87' lang='lat' dir='ltr'><strong>et</strong></span> <span class='ocrx_word' id='word_1_11' title='bbox 366 616 432 685; x_wconf 89' lang='lat' dir='ltr'><strong>ubi</strong></span> <span class='ocrx_word' id='word_1_12' title='bbox 463 612 586 706; x_wconf 83' lang='lat' dir='ltr'><strong>lapsus</strong></span> <span class='ocrx_word' id='word_1_13' title='bbox 619 626 699 686; x_wconf 86' lang='lat' dir='ltr'><strong>erat</strong></span> <span class='ocrx_word' id='word_1_14' title='bbox 733 625 771 685; x_wconf 90' lang='lat' dir='ltr'><strong>et</strong></span> <span class='ocrx_word' id='word_1_15' title='bbox 805 616 870 685; x_wconf 90' lang='lat' dir='ltr'><strong>ubi</strong></span> <span class='ocrx_word' id='word_1_16' title='bbox 902 627 1047 686; x_wconf 89' lang='lat' dir='ltr'><strong>rectum</strong></span> <span class='ocrx_word' id='word_1_17' title='bbox 1078 617 1233 709; x_wconf 83' lang='lat' dir='ltr'><strong>viderat,</strong></span> <span class='ocrx_word' id='word_1_18' title='bbox 1321 699 1323 704; x_wconf 10' lang='grc' dir='ltr'><strong><em>ἢ</em></strong></span> 
     </span>
     <span class='ocr_line' id='line_1_4' title="bbox 176 731 1233 827; baseline -0.001 -21"><span class='ocrx_word' id='word_1_19' title='bbox 176 746 213 806; x_wconf 88' lang='lat' dir='ltr'><strong>et</strong></span> <span class='ocrx_word' id='word_1_20' title='bbox 246 741 496 826; x_wconf 85' lang='lat' dir='ltr'><strong>expresserat,</strong></span> <span class='ocrx_word' id='word_1_21' title='bbox 529 731 624 800; x_wconf 92' lang='lat' dir='ltr'><strong>mihi</strong></span> <span class='ocrx_word' id='word_1_22' title='bbox 657 731 854 805; x_wconf 80' lang='lat' dir='ltr'><strong>utilitatem</strong></span> <span class='ocrx_word' id='word_1_23' title='bbox 877 733 1100 827; x_wconf 77' lang='lat' dir='ltr'><strong>praebuisse.</strong></span> <span class='ocrx_word' id='word_1_24' title='bbox 1149 734 1233 805; x_wconf 85' lang='lat' dir='ltr'><strong>Ne-</strong></span> 
     </span>
     <span class='ocr_line' id='line_1_5' title="bbox 174 848 1238 945; baseline 0.002 -25"><span class='ocrx_word' id='word_1_25' title='bbox 174 873 248 945; x_wconf 87' lang='lat' dir='ltr'><strong>que</strong></span> <span class='ocrx_word' id='word_1_26' title='bbox 273 849 372 918; x_wconf 89' lang='lat' dir='ltr'><strong>enim</strong></span> <span class='ocrx_word' id='word_1_27' title='bbox 395 859 471 918; x_wconf 82' lang='lat' dir='ltr'><strong>tem</strong></span> <span class='ocrx_word' id='word_1_28' title='bbox 495 848 569 916; x_wconf 91' lang='lat' dir='ltr'><strong>mei</strong></span> <span class='ocrx_word' id='word_1_29' title='bbox 593 872 718 918; x_wconf 88' lang='lat' dir='ltr'><strong>amans</strong></span> <span class='ocrx_word' id='word_1_30' title='bbox 743 849 818 939; x_wconf 87' lang='lat' dir='ltr'><strong>fui,</strong></span> <span class='ocrx_word' id='word_1_31' title='bbox 851 860 912 939; x_wconf 89' lang='lat' dir='ltr'><strong>ut,</strong></span> <span class='ocrx_word' id='word_1_32' title='bbox 947 873 1061 942; x_wconf 90' lang='lat' dir='ltr'><strong>quum</strong></span> <span class='ocrx_word' id='word_1_33' title='bbox 1085 849 1149 919; x_wconf 92' lang='lat' dir='ltr'><strong>illo</strong></span> <span class='ocrx_word' id='word_1_34' title='bbox 1173 873 1238 922; x_wconf 84' lang='lat' dir='ltr'><strong>me</strong></span> 
     </span>
     <span class='ocr_line' id='line_1_6' title="bbox 175 963 1234 1058; baseline -0.001 -21"><span class='ocrx_word' id='word_1_35' title='bbox 175 991 243 1038; x_wconf 88' lang='lat' dir='ltr'><strong>nec</strong></span> <span class='ocrx_word' id='word_1_36' title='bbox 269 965 390 1058; x_wconf 88' lang='lat' dir='ltr'><strong>aptius</strong></span> <span class='ocrx_word' id='word_1_37' title='bbox 415 986 486 1032; x_wconf 90' lang='lat' dir='ltr'><strong>nec</strong></span> <span class='ocrx_word' id='word_1_38' title='bbox 510 963 674 1056; x_wconf 86' lang='lat' dir='ltr'><strong>pulcrius</strong></span> <span class='ocrx_word' id='word_1_39' title='bbox 701 965 875 1058; x_wconf 81' lang='lat' dir='ltr'><strong>quiddam</strong></span> <span class='ocrx_word' id='word_1_40' title='bbox 908 965 1094 1038; x_wconf 79' lang='lat' dir='ltr'><strong>invenisse</strong></span> <span class='ocrx_word' id='word_1_41' title='bbox 1118 967 1234 1036; x_wconf 84' lang='lat' dir='ltr'><strong>intel-</strong></span> 
     </span>
     <span class='ocr_line' id='line_1_7' title="bbox 175 1079 1235 1177; baseline 0 -24"><span class='ocrx_word' id='word_1_42' title='bbox 175 1085 348 1177; x_wconf 83' lang='lat' dir='ltr'><strong>ligerem,</strong></span> <span class='ocrx_word' id='word_1_43' title='bbox 381 1079 576 1157; x_wconf 85' lang='lat' dir='ltr'><strong>¹interdum</strong></span> <span class='ocrx_word' id='word_1_44' title='bbox 609 1092 647 1152; x_wconf 87' lang='lat' dir='ltr'><strong>et</strong></span> <span class='ocrx_word' id='word_1_45' title='bbox 679 1081 855 1154; x_wconf 84' lang='lat' dir='ltr'><strong>vocabula</strong></span> <span class='ocrx_word' id='word_1_46' title='bbox 886 1092 926 1152; x_wconf 87' lang='lat' dir='ltr'><strong>et</strong></span> <span class='ocrx_word' id='word_1_47' title='bbox 956 1104 1041 1150; x_wconf 87' lang='lat' dir='ltr'><strong>raro</strong></span> <span class='ocrx_word' id='word_1_48' title='bbox 1074 1083 1235 1174; x_wconf 83' lang='lat' dir='ltr'><strong>quidem,</strong></span> 
     </span>
     <span class='ocr_line' id='line_1_8' title="bbox 173 1182 1235 1294; baseline 0 -24"><span class='ocrx_word' id='word_1_49' title='bbox 173 1203 337 1294; x_wconf 87' lang='lat' dir='ltr'><strong>integros</strong></span> <span class='ocrx_word' id='word_1_50' title='bbox 369 1209 493 1269; x_wconf 84' lang='lat' dir='ltr'><strong>tamen</strong></span> <span class='ocrx_word' id='word_1_51' title='bbox 536 1197 615 1290; x_wconf 89' lang='lat' dir='ltr'><strong>ejus</strong></span> <span class='ocrx_word' id='word_1_52' title='bbox 652 1215 783 1271; x_wconf 78' lang='lat' dir='ltr'><strong>versus</strong></span> <span class='ocrx_word' id='word_1_53' title='bbox 824 1200 916 1271; x_wconf 90' lang='lat' dir='ltr'><strong>meis</strong></span> <span class='ocrx_word' id='word_1_54' title='bbox 957 1198 1124 1267; x_wconf 86' lang='lat' dir='ltr'><strong>inserere</strong></span> <span class='ocrx_word' id='word_1_55' title='bbox 1151 1182 1235 1270; x_wconf 88' lang='lat' dir='ltr'><strong>¹de-</strong></span> 
     </span>
     <span class='ocr_line' id='line_1_9' title="bbox 175 1319 386 1412; baseline 0 -26"><span class='ocrx_word' id='word_1_56' title='bbox 175 1319 386 1412; x_wconf 49' lang='lat' dir='ltr'><strong>dignarer,</strong></span> 
     </span>
    </p>

    <p class='ocr_par' dir='ltr' id='par_1_3' title="bbox 173 1433 1323 4202">
     <span class='ocr_line' id='line_1_10' title="bbox 271 1433 1236 1525; baseline 0.002 -20"><span class='ocrx_word' id='word_1_57' title='bbox 271 1435 332 1506; x_wconf 91' lang='lat' dir='ltr'><strong>De</strong></span> <span class='ocrx_word' id='word_1_58' title='bbox 356 1433 661 1525; x_wconf 82' lang='lat' dir='ltr'><strong>interpretatione</strong></span> <span class='ocrx_word' id='word_1_59' title='bbox 685 1457 786 1523; x_wconf 90' lang='lat' dir='ltr'><strong>mea,</strong></span> <span class='ocrx_word' id='word_1_60' title='bbox 825 1433 918 1504; x_wconf 84' lang='lat' dir='ltr'><strong>hace</strong></span> <span class='ocrx_word' id='word_1_61' title='bbox 941 1457 1077 1525; x_wconf 88' lang='lat' dir='ltr'><strong>pauca,</strong></span> <span class='ocrx_word' id='word_1_62' title='bbox 1118 1433 1236 1508; x_wconf 86' lang='lat' dir='ltr'><strong>lector</strong></span> 
     </span>
     <span class='ocr_line' id='line_1_11' title="bbox 173 1547 1238 1640; baseline 0.005 -19"><span class='ocrx_word' id='word_1_63' title='bbox 173 1552 372 1638; x_wconf 83' lang='lat' dir='ltr'><strong>benevole,</strong></span> <span class='ocrx_word' id='word_1_64' title='bbox 405 1547 552 1618; x_wconf 89' lang='lat' dir='ltr'><strong>habeto.</strong></span> <span class='ocrx_word' id='word_1_65' title='bbox 618 1548 662 1616; x_wconf 94' lang='lat' dir='ltr'><strong>Id</strong></span> <span class='ocrx_word' id='word_1_66' title='bbox 695 1561 781 1620; x_wconf 87' lang='lat' dir='ltr'><strong>ante</strong></span> <span class='ocrx_word' id='word_1_67' title='bbox 813 1551 938 1620; x_wconf 88' lang='lat' dir='ltr'><strong>omnia</strong></span> <span class='ocrx_word' id='word_1_68' title='bbox 975 1549 1157 1640; x_wconf 85' lang='lat' dir='ltr'><strong>laborari,</strong></span> <span class='ocrx_word' id='word_1_69' title='bbox 1193 1564 1238 1626; x_wconf 83' lang='lat' dir='ltr'><strong>ut</strong></span> 
     </span>
     <span class='ocr_line' id='line_1_12' title="bbox 175 1663 1289 1780; baseline 0.003 -44"><span class='ocrx_word' id='word_1_70' title='bbox 175 1691 286 1762; x_wconf 86' lang='lat' dir='ltr'><strong>quam</strong></span> <span class='ocrx_word' id='word_1_71' title='bbox 319 1663 591 1734; x_wconf 87' lang='lat' dir='ltr'><strong>accuratissime</strong></span> <span class='ocrx_word' id='word_1_72' title='bbox 623 1665 842 1757; x_wconf 79' lang='lat' dir='ltr'><strong>germanicis</strong></span> <span class='ocrx_word' id='word_1_73' title='bbox 882 1687 1012 1756; x_wconf 86' lang='lat' dir='ltr'><strong>graeca</strong></span> <span class='ocrx_word' id='word_1_74' title='bbox 1046 1669 1238 1759; x_wconf 86' lang='lat' dir='ltr'><strong>exprime-</strong></span> <span class='ocrx_word' id='word_1_75' title='bbox 1277 1751 1289 1780; x_wconf 31' lang='lat' dir='ltr'>x</span> 
     </span>
     <span class='ocr_line' id='line_1_13' title="bbox 175 1781 1237 1876; baseline 0.004 -23"><span class='ocrx_word' id='word_1_76' title='bbox 175 1794 317 1854; x_wconf 84' lang='lat' dir='ltr'><strong>rentur.</strong></span> <span class='ocrx_word' id='word_1_77' title='bbox 369 1783 602 1874; x_wconf 89' lang='lat' dir='ltr'><strong>Quamquam</strong></span> <span class='ocrx_word' id='word_1_78' title='bbox 633 1781 706 1852; x_wconf 95' lang='lat' dir='ltr'><strong>hoc</strong></span> <span class='ocrx_word' id='word_1_79' title='bbox 738 1783 780 1851; x_wconf 92' lang='lat' dir='ltr'><strong>in</strong></span> <span class='ocrx_word' id='word_1_80' title='bbox 813 1781 936 1852; x_wconf 90' lang='lat' dir='ltr'><strong>studio</strong></span> <span class='ocrx_word' id='word_1_81' title='bbox 970 1806 1237 1876; x_wconf 83' lang='lat' dir='ltr'><strong>saepenumero</strong></span> 
     </span>
     <span class='ocr_line' id='line_1_14' title="bbox 175 1880 1239 1976; baseline 0.003 -4"><span class='ocrx_word' id='word_1_82' title='bbox 175 1880 337 1972; x_wconf 79' lang='lat' dir='ltr'><strong>voluisse</strong></span> <span class='ocrx_word' id='word_1_83' title='bbox 369 1921 447 1967; x_wconf 91' lang='lat' dir='ltr'><strong>non</strong></span> <span class='ocrx_word' id='word_1_84' title='bbox 477 1900 602 1969; x_wconf 90' lang='lat' dir='ltr'><strong>minus</strong></span> <span class='ocrx_word' id='word_1_85' title='bbox 635 1897 832 1968; x_wconf 85' lang='lat' dir='ltr'><strong>satisfaciat</strong></span> <span class='ocrx_word' id='word_1_86' title='bbox 862 1899 970 1969; x_wconf 90' lang='lat' dir='ltr'><strong>nobis</strong></span> <span class='ocrx_word' id='word_1_87' title='bbox 1002 1921 1155 1969; x_wconf 89' lang='lat' dir='ltr'><strong>necesse</strong></span> <span class='ocrx_word' id='word_1_88' title='bbox 1182 1913 1239 1976; x_wconf 87' lang='lat' dir='ltr'><strong>est</strong></span> 
     </span>
     <span class='ocr_line' id='line_1_15' title="bbox 176 1992 1239 2109; baseline 0.006 -26"><span class='ocrx_word' id='word_1_89' title='bbox 176 2038 286 2109; x_wconf 87' lang='lat' dir='ltr'><strong>quam</strong></span> <span class='ocrx_word' id='word_1_90' title='bbox 309 2015 486 2106; x_wconf 86' lang='lat' dir='ltr'><strong>potuisse·</strong></span> <span class='ocrx_word' id='word_1_91' title='bbox 538 2015 583 2082; x_wconf 91' lang='lat' dir='ltr'><strong>In</strong></span> <span class='ocrx_word' id='word_1_92' title='bbox 608 2014 737 2080; x_wconf 89' lang='lat' dir='ltr'><strong>metris</strong></span> <span class='ocrx_word' id='word_1_93' title='bbox 763 1992 964 2082; x_wconf 85' lang='lat' dir='ltr'><strong>reddendis</strong></span> <span class='ocrx_word' id='word_1_94' title='bbox 989 2036 1067 2082; x_wconf 92' lang='lat' dir='ltr'><strong>non</strong></span> <span class='ocrx_word' id='word_1_95' title='bbox 1092 2015 1239 2089; x_wconf 89' lang='lat' dir='ltr'><strong>incuri-</strong></span> 
     </span>
     <span class='ocr_line' id='line_1_16' title="bbox 175 2119 1323 2222; baseline 0 -20"><span class='ocrx_word' id='word_1_96' title='bbox 175 2155 262 2202; x_wconf 92' lang='lat' dir='ltr'><strong>osus</strong></span> <span class='ocrx_word' id='word_1_97' title='bbox 295 2129 372 2212; x_wconf 84' lang='lat' dir='ltr'><strong>fui,</strong></span> <span class='ocrx_word' id='word_1_98' title='bbox 415 2119 555 2200; x_wconf 86' lang='lat' dir='ltr'><strong>alienus</strong></span> <span class='ocrx_word' id='word_1_99' title='bbox 593 2139 716 2200; x_wconf 88' lang='lat' dir='ltr'><strong>tamen</strong></span> <span class='ocrx_word' id='word_1_100' title='bbox 757 2128 802 2196; x_wconf 91' lang='lat' dir='ltr'><strong>ab</strong></span> <span class='ocrx_word' id='word_1_101' title='bbox 843 2127 970 2198; x_wconf 88' lang='lat' dir='ltr'><strong>inutili</strong></span> <span class='ocrx_word' id='word_1_102' title='bbox 1006 2134 1237 2222; x_wconf 87' lang='lat' dir='ltr'><strong>quorundam</strong></span> <span class='ocrx_word' id='word_1_103' title='bbox 1321 2128 1323 2131; x_wconf 62' lang='grc'>’</span> 
     </span>
     <span class='ocr_line' id='line_1_17' title="bbox 174 2247 1239 2340; baseline 0.002 -22"><span class='ocrx_word' id='word_1_104' title='bbox 174 2249 372 2340; x_wconf 86' lang='lat' dir='ltr'><strong>religione,</strong></span> <span class='ocrx_word' id='word_1_105' title='bbox 399 2270 471 2339; x_wconf 90' lang='lat' dir='ltr'><strong>qua</strong></span> <span class='ocrx_word' id='word_1_106' title='bbox 496 2268 684 2316; x_wconf 87' lang='lat' dir='ltr'><strong>caesuram</strong></span> <span class='ocrx_word' id='word_1_107' title='bbox 710 2265 882 2314; x_wconf 86' lang='lat' dir='ltr'><strong>caesurae</strong></span> <span class='ocrx_word' id='word_1_108' title='bbox 914 2247 1143 2337; x_wconf 88' lang='lat' dir='ltr'><strong>respondere</strong></span> <span class='ocrx_word' id='word_1_109' title='bbox 1167 2252 1239 2321; x_wconf 88' lang='lat' dir='ltr'><strong>de-</strong></span> 
     </span>
     <span class='ocr_line' id='line_1_18' title="bbox 178 2361 1240 2451; baseline 0.003 -16"><span class='ocrx_word' id='word_1_110' title='bbox 178 2365 268 2435; x_wconf 88' lang='lat' dir='ltr'><strong>bere</strong></span> <span class='ocrx_word' id='word_1_111' title='bbox 294 2363 445 2432; x_wconf 87' lang='lat' dir='ltr'><strong>ducunt.</strong></span> <span class='ocrx_word' id='word_1_112' title='bbox 497 2363 673 2433; x_wconf 88' lang='lat' dir='ltr'><strong>Ceterum</strong></span> <span class='ocrx_word' id='word_1_113' title='bbox 705 2385 791 2430; x_wconf 88' lang='lat' dir='ltr'><strong>raro</strong></span> <span class='ocrx_word' id='word_1_114' title='bbox 817 2361 1003 2451; x_wconf 90' lang='lat' dir='ltr'><strong>commisi,</strong></span> <span class='ocrx_word' id='word_1_115' title='bbox 1044 2375 1088 2433; x_wconf 91' lang='lat' dir='ltr'><strong>ut</strong></span> <span class='ocrx_word' id='word_1_116' title='bbox 1112 2369 1240 2438; x_wconf 83' lang='lat' dir='ltr'><strong>versui</strong></span> 
     </span>
     <span class='ocr_line' id='line_1_19' title="bbox 176 2476 1239 2575; baseline 0.004 -25"><span class='ocrx_word' id='word_1_117' title='bbox 176 2480 385 2575; x_wconf 84' lang='lat' dir='ltr'><strong>germanico</strong></span> <span class='ocrx_word' id='word_1_118' title='bbox 414 2479 587 2572; x_wconf 89' lang='lat' dir='ltr'><strong>quiddam</strong></span> <span class='ocrx_word' id='word_1_119' title='bbox 612 2480 771 2573; x_wconf 81' lang='lat' dir='ltr'><strong>inesset,</strong></span> <span class='ocrx_word' id='word_1_120' title='bbox 801 2478 862 2547; x_wconf 92' lang='lat' dir='ltr'><strong>cui</strong></span> <span class='ocrx_word' id='word_1_121' title='bbox 895 2476 935 2546; x_wconf 90' lang='lat' dir='ltr'><strong>in</strong></span> <span class='ocrx_word' id='word_1_122' title='bbox 961 2500 1097 2571; x_wconf 88' lang='lat' dir='ltr'><strong>graeco</strong></span> <span class='ocrx_word' id='word_1_123' title='bbox 1126 2480 1239 2553; x_wconf 87' lang='lat' dir='ltr'><strong>habi-</strong></span> 
     </span>
     <span class='ocr_line' id='line_1_20' title="bbox 175 2596 1236 2691; baseline 0.003 -23"><span class='ocrx_word' id='word_1_124' title='bbox 175 2609 255 2668; x_wconf 88' lang='lat' dir='ltr'><strong>tare</strong></span> <span class='ocrx_word' id='word_1_125' title='bbox 285 2619 364 2665; x_wconf 88' lang='lat' dir='ltr'><strong>non</strong></span> <span class='ocrx_word' id='word_1_126' title='bbox 397 2596 537 2665; x_wconf 88' lang='lat' dir='ltr'><strong>liceret.</strong></span> <span class='ocrx_word' id='word_1_127' title='bbox 588 2596 778 2667; x_wconf 85' lang='lat' dir='ltr'><strong>&#39;Consulto</strong></span> <span class='ocrx_word' id='word_1_128' title='bbox 817 2606 941 2671; x_wconf 88' lang='lat' dir='ltr'><strong>autem</strong></span> <span class='ocrx_word' id='word_1_129' title='bbox 981 2597 1025 2665; x_wconf 89' lang='lat' dir='ltr'><strong>ab</strong></span> <span class='ocrx_word' id='word_1_130' title='bbox 1066 2599 1236 2691; x_wconf 84' lang='lat' dir='ltr'><strong>exemplo</strong></span> 
     </span>
     <span class='ocr_line' id='line_1_21' title="bbox 176 2710 1241 2807; baseline 0.006 -25"><span class='ocrx_word' id='word_1_131' title='bbox 176 2735 308 2807; x_wconf 86' lang='lat' dir='ltr'><strong>graeco</strong></span> <span class='ocrx_word' id='word_1_132' title='bbox 323 2712 404 2780; x_wconf 84' lang='lat' dir='ltr'><strong>tum&#39;</strong></span> <span class='ocrx_word' id='word_1_133' title='bbox 419 2710 567 2795; x_wconf 81' lang='lat' dir='ltr'><strong>recessi,</strong></span> <span class='ocrx_word' id='word_1_134' title='bbox 594 2735 708 2802; x_wconf 89' lang='lat' dir='ltr'><strong>quum</strong></span> <span class='ocrx_word' id='word_1_135' title='bbox 724 2710 883 2800; x_wconf 85' lang='lat' dir='ltr'><strong>syllabae</strong></span> <span class='ocrx_word' id='word_1_136' title='bbox 907 2712 1040 2803; x_wconf 82' lang='lat' dir='ltr'><strong>longae</strong></span> <span class='ocrx_word' id='word_1_137' title='bbox 1055 2712 1241 2789; x_wconf 88' lang='lat' dir='ltr'><strong>solutione</strong></span> 
     </span>
     <span class='ocr_line' id='line_1_22' title="bbox 177 2824 1240 2920; baseline 0.003 -21"><span class='ocrx_word' id='word_1_138' title='bbox 177 2839 337 2899; x_wconf 90' lang='lat' dir='ltr'><strong>metrum</strong></span> <span class='ocrx_word' id='word_1_139' title='bbox 361 2824 563 2918; x_wconf 86' lang='lat' dir='ltr'><strong>genuinum</strong></span> <span class='ocrx_word' id='word_1_140' title='bbox 588 2837 689 2898; x_wconf 90' lang='lat' dir='ltr'><strong>certe</strong></span> <span class='ocrx_word' id='word_1_141' title='bbox 713 2827 863 2897; x_wconf 88' lang='lat' dir='ltr'><strong>auribus</strong></span> <span class='ocrx_word' id='word_1_142' title='bbox 888 2827 1106 2920; x_wconf 85' lang='lat' dir='ltr'><strong>germanicis</strong></span> <span class='ocrx_word' id='word_1_143' title='bbox 1131 2831 1240 2902; x_wconf 86' lang='lat' dir='ltr'><strong>fasti-</strong></span> 
     </span>
     <span class='ocr_line' id='line_1_23' title="bbox 177 2942 1243 3037; baseline 0.009 -24"><span class='ocrx_word' id='word_1_144' title='bbox 177 2946 323 3025; x_wconf 89' lang='lat' dir='ltr'><strong>diosum</strong></span> <span class='ocrx_word' id='word_1_145' title='bbox 348 2942 456 3013; x_wconf 90' lang='lat' dir='ltr'><strong>reddi</strong></span> <span class='ocrx_word' id='word_1_146' title='bbox 480 2943 684 3015; x_wconf 80' lang='lat' dir='ltr'><strong>videbatur.</strong></span> <span class='ocrx_word' id='word_1_147' title='bbox 736 2944 793 3016; x_wconf 91' lang='lat' dir='ltr'><strong>Ita</strong></span> <span class='ocrx_word' id='word_1_148' title='bbox 817 2944 927 3015; x_wconf 89' lang='lat' dir='ltr'><strong>etiam</strong></span> <span class='ocrx_word' id='word_1_149' title='bbox 959 2944 1000 3012; x_wconf 90' lang='lat' dir='ltr'><strong>in</strong></span> <span class='ocrx_word' id='word_1_150' title='bbox 1033 2952 1243 3037; x_wconf 86' lang='lat' dir='ltr'><strong>systematis</strong></span> 
     </span>
     <span class='ocr_line' id='line_1_24' title="bbox 176 3040 1241 3157; baseline 0.006 -27"><span class='ocrx_word' id='word_1_151' title='bbox 176 3059 415 3153; x_wconf 83' lang='lat' dir='ltr'><strong>anapaesticis</strong></span> <span class='ocrx_word' id='word_1_152' title='bbox 440 3040 594 3151; x_wconf 83' lang='lat' dir='ltr'><strong>perraro</strong></span> <span class='ocrx_word' id='word_1_153' title='bbox 621 3052 775 3153; x_wconf 86' lang='lat' dir='ltr'><strong>dactyli,</strong></span> <span class='ocrx_word' id='word_1_154' title='bbox 819 3062 907 3149; x_wconf 79' lang='lat' dir='ltr'><strong>etsi,</strong></span> <span class='ocrx_word' id='word_1_155' title='bbox 949 3070 993 3128; x_wconf 86' lang='lat' dir='ltr'><strong>ut</strong></span> <span class='ocrx_word' id='word_1_156' title='bbox 1016 3074 1149 3132; x_wconf 90' lang='lat' dir='ltr'><strong>notum</strong></span> <span class='ocrx_word' id='word_1_157' title='bbox 1173 3080 1241 3157; x_wconf 88' lang='lat' dir='ltr'><strong>est,</strong></span> 
     </span>
     <span class='ocr_line' id='line_1_25' title="bbox 178 3175 1241 3270; baseline 0.006 -24"><span class='ocrx_word' id='word_1_158' title='bbox 178 3201 201 3246; x_wconf 88' lang='lat' dir='ltr'><strong>a</strong></span> <span class='ocrx_word' id='word_1_159' title='bbox 226 3175 379 3245; x_wconf 89' lang='lat' dir='ltr'><strong>Graecis</strong></span> <span class='ocrx_word' id='word_1_160' title='bbox 404 3175 444 3246; x_wconf 90' lang='lat' dir='ltr'><strong>in</strong></span> <span class='ocrx_word' id='word_1_161' title='bbox 469 3191 750 3270; x_wconf 87' lang='lat' dir='ltr'><strong>anapaestorum</strong></span> <span class='ocrx_word' id='word_1_162' title='bbox 774 3176 897 3247; x_wconf 92' lang='lat' dir='ltr'><strong>locum</strong></span> <span class='ocrx_word' id='word_1_163' title='bbox 919 3177 1132 3269; x_wconf 88' lang='lat' dir='ltr'><strong>saepissime</strong></span> <span class='ocrx_word' id='word_1_164' title='bbox 1148 3184 1241 3252; x_wconf 84' lang='lat' dir='ltr'><strong>sub-</strong></span> 
     </span>
     <span class='ocr_line' id='line_1_26' title="bbox 178 3288 1242 3384; baseline 0.008 -23"><span class='ocrx_word' id='word_1_165' title='bbox 178 3291 404 3381; x_wconf 88' lang='lat' dir='ltr'><strong>stituuntur,</strong></span> <span class='ocrx_word' id='word_1_166' title='bbox 444 3288 593 3364; x_wconf 89' lang='lat' dir='ltr'><strong>admissi</strong></span> <span class='ocrx_word' id='word_1_167' title='bbox 619 3306 724 3384; x_wconf 88' lang='lat' dir='ltr'><strong>sunt,</strong></span> <span class='ocrx_word' id='word_1_168' title='bbox 767 3317 816 3364; x_wconf 89' lang='lat' dir='ltr'><strong>ne</strong></span> <span class='ocrx_word' id='word_1_169' title='bbox 841 3317 1018 3363; x_wconf 89' lang='lat' dir='ltr'><strong>numerus</strong></span> <span class='ocrx_word' id='word_1_170' title='bbox 1041 3295 1242 3371; x_wconf 90' lang='lat' dir='ltr'><strong>lectoribus</strong></span> 
     </span>
     <span class='ocr_line' id='line_1_27' title="bbox 180 3406 1243 3505; baseline 0.011 -31"><span class='ocrx_word' id='word_1_171' title='bbox 180 3406 413 3478; x_wconf 89' lang='lat' dir='ltr'><strong>Germanicis</strong></span> <span class='ocrx_word' id='word_1_172' title='bbox 446 3410 588 3479; x_wconf 88' lang='lat' dir='ltr'><strong>turbari</strong></span> <span class='ocrx_word' id='word_1_173' title='bbox 622 3410 823 3481; x_wconf 83' lang='lat' dir='ltr'><strong>videretur.</strong></span> <span class='ocrx_word' id='word_1_174' title='bbox 880 3410 1060 3479; x_wconf 87' lang='lat' dir='ltr'><strong>Prosodia</strong></span> <span class='ocrx_word' id='word_1_175' title='bbox 1091 3437 1243 3505; x_wconf 86' lang='lat' dir='ltr'><strong>germa-</strong></span> 
     </span>
     <span class='ocr_line' id='line_1_28' title="bbox 178 3512 1242 3615; baseline 0.007 -25"><span class='ocrx_word' id='word_1_176' title='bbox 178 3524 262 3591; x_wconf 88' lang='lat' dir='ltr'><strong>nioa</strong></span> <span class='ocrx_word' id='word_1_177' title='bbox 286 3512 396 3587; x_wconf 77' lang='lat' dir='ltr'><strong>curae</strong></span> <span class='ocrx_word' id='word_1_178' title='bbox 423 3536 519 3607; x_wconf 90' lang='lat' dir='ltr'><strong>erat,</strong></span> <span class='ocrx_word' id='word_1_179' title='bbox 555 3524 719 3615; x_wconf 84' lang='lat' dir='ltr'><strong>dedique</strong></span> <span class='ocrx_word' id='word_1_180' title='bbox 739 3546 908 3612; x_wconf 87' lang='lat' dir='ltr'><strong>operam,</strong></span> <span class='ocrx_word' id='word_1_181' title='bbox 941 3536 1119 3613; x_wconf 86' lang='lat' dir='ltr'><strong>utquam</strong></span> <span class='ocrx_word' id='word_1_182' title='bbox 1151 3552 1242 3597; x_wconf 88' lang='lat' dir='ltr'><strong>san-</strong></span> 
     </span>
     <span class='ocr_line' id='line_1_29' title="bbox 179 3634 1242 3731; baseline 0.006 -25"><span class='ocrx_word' id='word_1_183' title='bbox 179 3635 340 3706; x_wconf 88' lang='lat' dir='ltr'><strong>ctissime</strong></span> <span class='ocrx_word' id='word_1_184' title='bbox 365 3635 557 3709; x_wconf 85' lang='lat' dir='ltr'><strong>observata</strong></span> <span class='ocrx_word' id='word_1_185' title='bbox 582 3634 826 3707; x_wconf 87' lang='lat' dir='ltr'><strong>inveniretur.</strong></span> <span class='ocrx_word' id='word_1_186' title='bbox 877 3634 930 3706; x_wconf 87' lang='lat' dir='ltr'><strong>Ao</strong></span> <span class='ocrx_word' id='word_1_187' title='bbox 956 3637 1110 3731; x_wconf 85' lang='lat' dir='ltr'><strong>syllabas</strong></span> <span class='ocrx_word' id='word_1_188' title='bbox 1136 3644 1242 3712; x_wconf 87' lang='lat' dir='ltr'><strong>anci-</strong></span> 
     </span>
     <span class='ocr_line' id='line_1_30' title="bbox 179 3752 1242 3848; baseline 0.009 -27"><span class='ocrx_word' id='word_1_189' title='bbox 179 3754 296 3846; x_wconf 89' lang='lat' dir='ltr'><strong>pites,</strong></span> <span class='ocrx_word' id='word_1_190' title='bbox 332 3776 426 3845; x_wconf 87' lang='lat' dir='ltr'><strong>quae</strong></span> <span class='ocrx_word' id='word_1_191' title='bbox 457 3752 682 3825; x_wconf 86' lang='lat' dir='ltr'><strong>vertentium</strong></span> <span class='ocrx_word' id='word_1_192' title='bbox 716 3775 844 3822; x_wconf 90' lang='lat' dir='ltr'><strong>eruces</strong></span> <span class='ocrx_word' id='word_1_193' title='bbox 877 3776 957 3823; x_wconf 88' lang='lat' dir='ltr'><strong>esse</strong></span> <span class='ocrx_word' id='word_1_194' title='bbox 990 3754 1130 3848; x_wconf 89' lang='lat' dir='ltr'><strong>solent,</strong></span> <span class='ocrx_word' id='word_1_195' title='bbox 1163 3782 1242 3832; x_wconf 89' lang='lat' dir='ltr'><strong>non</strong></span> 
     </span>
     <span class='ocr_line' id='line_1_31' title="bbox 180 3848 1242 3962; baseline 0.008 -25"><span class='ocrx_word' id='word_1_196' title='bbox 180 3868 329 3962; x_wconf 89' lang='lat' dir='ltr'><strong>quidem</strong></span> <span class='ocrx_word' id='word_1_197' title='bbox 357 3868 570 3938; x_wconf 88' lang='lat' dir='ltr'><strong>Thierschii</strong></span> <span class='ocrx_word' id='word_1_198' title='bbox 595 3868 783 3960; x_wconf 84' lang='lat' dir='ltr'><strong>exemplo,</strong></span> <span class='ocrx_word' id='word_1_199' title='bbox 821 3870 973 3941; x_wconf 88' lang='lat' dir='ltr'><strong>Pindari</strong></span> <span class='ocrx_word' id='word_1_200' title='bbox 989 3848 1159 3957; x_wconf 39' lang='lat' dir='ltr'><strong>&#39;carmina</strong></span> <span class='ocrx_word' id='word_1_201' title='bbox 1184 3878 1242 3946; x_wconf 89' lang='lat' dir='ltr'><strong>ci·-</strong></span> 
     </span>
     <span class='ocr_line' id='line_1_32' title="bbox 180 3970 1244 4082; baseline 0.006 -25"><span class='ocrx_word' id='word_1_202' title='bbox 180 3985 294 4057; x_wconf 82' lang='lat' dir='ltr'><strong>ritate</strong></span> <span class='ocrx_word' id='word_1_203' title='bbox 327 3984 536 4077; x_wconf 86' lang='lat' dir='ltr'><strong>germanica</strong></span> <span class='ocrx_word' id='word_1_204' title='bbox 568 3985 758 4073; x_wconf 87' lang='lat' dir='ltr'><strong>donantis,</strong></span> <span class='ocrx_word' id='word_1_205' title='bbox 797 4008 909 4058; x_wconf 89' lang='lat' dir='ltr'><strong>unam</strong></span> <span class='ocrx_word' id='word_1_206' title='bbox 947 4000 1090 4082; x_wconf 87' lang='lat' dir='ltr'><strong>partem</strong></span> <span class='ocrx_word' id='word_1_207' title='bbox 1122 3970 1244 4067; x_wconf 82' lang='lat' dir='ltr'><strong>ubivis</strong></span> 
     </span>
     <span class='ocr_line' id='line_1_33' title="bbox 180 4094 1242 4202; baseline 0.009 -32"><span class='ocrx_word' id='word_1_208' title='bbox 180 4101 359 4194; x_wconf 91' lang='lat' dir='ltr'><strong>produci,</strong></span> <span class='ocrx_word' id='word_1_209' title='bbox 388 4102 539 4173; x_wconf 84' lang='lat' dir='ltr'><strong>alteram</strong></span> <span class='ocrx_word' id='word_1_210' title='bbox 565 4094 706 4202; x_wconf 80' lang='lat' dir='ltr'><strong>corripi</strong></span> <span class='ocrx_word' id='word_1_211' title='bbox 727 4101 849 4196; x_wconf 88' lang='lat' dir='ltr'><strong>volui,</strong></span> <span class='ocrx_word' id='word_1_212' title='bbox 883 4105 1020 4201; x_wconf 90' lang='lat' dir='ltr'><strong>quippe</strong></span> <span class='ocrx_word' id='word_1_213' title='bbox 1044 4110 1148 4201; x_wconf 90' lang='lat' dir='ltr'><strong>quod</strong></span> <span class='ocrx_word' id='word_1_214' title='bbox 1167 4111 1242 4181; x_wconf 89' lang='lat' dir='ltr'><strong>im-</strong></span> 
     </span>
    </p>
   </div>
   <div class='ocr_carea' id='block_1_3' title="bbox 0 0 1492 4750">
    <p class='ocr_par' dir='ltr' id='par_1_4' title="bbox 0 0 1492 4750">
     <span class='ocr_line' id='line_1_34' title="bbox 0 0 1492 4750; baseline 0 0"><span class='ocrx_word' id='word_1_215' title='bbox 0 0 1492 4750; x_wconf 95' lang='lat' dir='ltr'><strong> </strong></span> 
     </span>
    </p>
   </div>
  </div>
 </body>
</html>
