2959 4750
644 329 696 346 -
739 294 796 372 aa
846 303 902 344 ·-·-

229 532 230 536 ¹
367 535 412 548 ,.
505 466 508 473 '
585 465 979 563 neomaenia
1025 524 1028 528 -

231 632 237 674 :
269 606 273 616 ’
367 589 516 690 Μοῖραι
534 587 757 688 τρίμορφοι,
777 578 1015 688 prripomd'
1036 574 1230 683 Epomec.

365 794 507 893 codron
531 799 605 904 ἄρα
628 709 892 890 Ζιῦἔὲῖῗιι
865 800 1145 903 detuleram&

421 997 424 1018 ,
602 1010 604 1015 ,
645 925 896 1000 ΠΡΟΜΗΘ.
1133 987 1136 991 ,

249 1065 251 1070 ’
365 1021 499 1105 ὀὔκουν
524 1021 571 1097 ἂν
593 1016 740 1119 ἐκφύγοι
761 1051 804 1119 ys
826 1017 894 1122 τήν
918 1020 1164 1118 πεπρωμένην.
1219 1085 1222 1088 ,

229 1139 239 1244 κ’
341 1133 465 1236 Atque
479 1140 526 1211 de
535 1140 666 1236 Gratus
682 1141 780 1214 dicto
789 1138 1021 1231 Vulcanique
1034 1158 1214 1230 responso
1230 1134 1305 1204 du-

240 1255 328 1352 plex
351 1257 479 1348 judicii
503 1281 619 1354 genus
643 1258 737 1330 ferri
761 1269 895 1352 potest.
944 1252 1020 1324 Aut
1035 1252 1136 1322 enim
1153 1254 1305 1326 ἐλευθε-

229 1353 305 1472 ἶρίᾳ
328 1373 399 1474 ista
421 1392 500 1441 non
524 1375 597 1444 nisi
621 1375 832 1446 immunitas
848 1396 879 1441 a
903 1371 1129 1442 relicuorum
1148 1369 1252 1462 jussu
1268 1378 1306 1436 et

231 1488 397 1594 nimperio
431 1486 676 1590 significatur,
718 1512 791 1584 qua
822 1489 1128 1582 interpretatione
1159 1493 1308 1578 accepta

239 1605 383 1700 aptiora
406 1604 470 1674 illa
494 1607 607 1678 verba
620 1608 676 1692 ad
701 1606 961 1699 praecedentia
983 1605 1211 1690 redduntur,
1243 1598 1307 1670 aut

232 1718 261 1791 'a
277 1719 372 1788 Fato
397 1719 492 1788 liber
516 1744 599 1812 esse
619 1723 765 1820 Jupiter
790 1721 958 1791 edicitur.
1014 1717 1069 1789 Ac
1093 1718 1153 1790 vel
1178 1719 1210 1787 si
1232 1717 1306 1814 hoc

220 1833 424 1932 posterius
448 1834 674 1930 praeplacet,
700 1848 872 1928 nonest,
898 1837 999 1930 quod
1011 1834 1178 1924 mireris,
1202 1833 1304 1906 Jovis

127 2033 132 2044 .
238 1949 487 2046 apparitorem
527 1962 565 2022 et
605 1953 717 2024 deum
757 1954 879 2024 eidem
910 1952 1132 2040 obnoximn‚
1172 1962 1215 2021 ut
1250 1959 1305 2018 est

236 2065 446 2154 Vulcanus,
472 2065 578 2137 aliter
604 2067 651 2136 de
675 2093 819 2140 summo
846 2069 935 2160 deo,
962 2072 1026 2164 qui
1042 2062 1193 2164 ἀκίχητα
1209 2064 1305 2165 ἤθεά

238 2193 277 2264 et
309 2170 608 2276 inopinatos*
586 2209 658 2272 εχει
681 2184 748 2284 κῆρ
779 2186 943 2278 judicare
975 2206 1054 2255 nou
1079 2206 1187 2253 ausos
1212 2204 1302 2253 esse.

231 2290 288 2373 At
312 2297 458 2369 Chorus
483 2323 629 2395 quoque
653 2303 791 2394 nescit,
822 2299 953 2375 lovem
977 2299 1071 2370 Fato
1097 2324 1178 2371 esse
1201 2298 1302 2369 infe-

236 2412 403 2489 riorem?
439 2428 442 2434 '
469 2416 580 2484 Oerte
614 2417 740 2488 Ghoro
783 2416 866 2487 talis
905 2420 961 2488 rei
1001 2430 1150 2509 tamque
1181 2416 1303 2509 gravis

234 2528 444 2627 ignorantia
466 2554 597 2625 parum
623 2544 678 2603 est
711 2536 839 2627 digna,
881 2532 1120 2612 nihilominus
1144 2533 1303 2601 Prome-

235 2650 384 2737 theom,
419 2646 530 2716 deum
563 2649 769 2721 veridictun
792 2647 1149 2742 scientissimumque
1173 2670 1303 2722 verum

232 2777 275 2839 et
307 2762 401 2834 scire
436 2774 473 2834 et
506 2787 631 2833 coram
664 2767 736 2835 illis
771 2767 893 2859 eloqui
926 2776 1069 2833 certum
1101 2778 1167 2836 est.
1224 2763 1301 2854 Qui

236 2883 338 2954 lovis
371 2880 562 2949 interitum
593 2881 732 2950 instare
763 2884 909 2950 disertis
933 2882 1057 2953 verbis
1082 2882 1301 2954 vaticinatur

236 2995 283 3098 V.
302 2994 530 3085 945—962.
558 2994 689 3092 quibus
714 2997 834 3068 addit:

333 3098 482 3183 coiecto
505 3103 701 3204 μόχθων’
682 3139 861 3210 εκτροπην
885 3105 1000 3193 ουδεὶς
1023 3108 1121 3184 θεῶν

333 3218 516 3295 δύναιτ’*
491 3250 537 3295 αν
562 3222 662 3321 αυτῷ
686 3220 821 3324 πλήν
802 3225 903 3317 anco*
928 3228 1036 3310 δεῖξαι
1057 3225 1188 3320 σαφῶς.

331 3332 400 3433 a’yoi
424 3330 502 3415 aoid
527 3335 680 3432 cida,’
649 3336 710 3439 χῷ
728 3332 863 3439 τρόπῳ.

233 3457 280 3529 V.
295 3456 379 3547 896.
395 3480 471 3563 sqq.
498 3458 581 3559 782.
599 3484 676 3554 sqq.
708 3460 789 3549 195.
804 3482 882 3557 sqq.

331 3573 424 3643 Fato
449 3577 562 3668 igitur
576 3577 720 3667 Jupiter
745 3577 930 3667 ceterique
956 3578 1009 3646 dii
1032 3577 1185 3649 obnoxii
1209 3592 1296 3651 sunt

231 3694 452 3780 futuraeque
476 3689 587 3759 sortis
612 3690 773 3781 ignari

236 3862 241 3895 a
331 3803 437 3892 Quae
461 3805 550 3875 inde
574 3817 868 3899 consequuntur,
896 3821 933 3880 et
949 3808 1038 3880 huic
1055 3758 1293 3904 disputationi

229 3920 376 3991 annecti
401 3919 599 4011 debent,
587 3944 627 3989 ru
659 3936 767 4015 parte
798 3929 1116 3999 commentationis
1142 3939 1293 4000 nostrae

227 4021 396 4130 proxime
421 4038 588 4132 sequenti
612 4040 762 4111 uberius
789 4064 1024 4136 exponemus.

640 4160 851 4183 θαι-αισι..-
