2959 4750
582 315 885 429 aaa

275 509 355 581 Jam
380 511 602 603 quaesiverit
619 511 731 583 homo
748 511 937 582 hodiernis
959 510 1092 582 fabulis
1109 532 1237 580 assue-

175 641 254 717 tus,
281 629 344 721 qui
368 626 452 696 fieri
475 615 657 720 potuerit,
682 628 970 700 utattentionis'
990 637 1237 719 ‹at-exspecta-

174 743 287 839 tionis
322 754 568 835 spectatorum
594 746 702 819 nervi
732 746 794 816 ita*
807 747 897 815 non'
910 757 1078 836 prorsus·
1091 743 1237 811 incide-

175 869 316 928 rentur.
394 859 473 929 Nos
509 863 608 932 enirn
648 861 698 929 in‘
730 863 867 930 nostris
901 859 1052 929 fabulis¹¹
1076 859 1240 950 judicare

176 974 353 1063 solemus,
381 998 453 1067 quo
479 976 704 1069 inopinatius
731 964 1239 1069 exspectationi‘praevenia-

173 1101 254 1188 tur,
282 1114 325 1160 eo
350 1091 466 1183 magis
493 1113 573 1160 esse
597 1085 868 1184 poetae'artem
888 1090 1151 1184 ingeniumque
1168 1089 1239 1158 ad·
1270 1123 1277 1128 ·

172 1207 393 1276 mirandum.
418 1233 420 1242 ·
445 1205 654 1281 Tan-vero
680 1194 928 1278 abhorrebant
944 1205 1096 1295 Graeci,
1123 1227 1239 1300 qnum

173 1323 318 1392 litterae
343 1324 441 1416 apud
467 1348 529 1393 eos
556 1325 737 1394 florerent
762 1326 941 1414 maxime,
980 1347 1001 1392 a
1027 1323 1237 1391 curiositate

173 1438 433 1530 hujuscemodi
457 1438 657 1528 hodierna,
696 1437 830 1509 utres
856 1452 974 1533 gestas
998 1439 1059 1512 vel
1082 1437 1237 1505 notissi-

164 1530 270 1643 mas,
298 1553 464 1623 simodo
491 1577 601 1625 verae
624 1556 749 1646 poesis
774 1567 853 1624 arte
877 1557 1079 1624 illustratae
1103 1562 1237 1640 essent,

175 1693 319 1738 summa
343 1691 428 1738 cum
453 1669 642 1762 voluptate
672 1671 712 1740 in
737 1670 869 1755 fabulis
895 1679 1103 1762 spectarent
1119 1665 1238 1735 'audi-

173 1797 341 1880 rentque
402 1784 516 1878 Cujus
549 1787 605 1854 rei
635 1810 743 1856 causa
769 1797 865 1875 erat,
908 1787 1082 1878 quoniam
1105 1795 1238 1852 tener-

173 1903 270 1971 rimo
305 1923 425 1991 eoque
458 1902 605 1969 sublimi
638 1927 748 1972 sensu
781 1903 927 1994 poetico
960 1901 1093 1971 imbuti
1122 1909 1239 1985 erant,

175 2016 423 2109 quoniamque
446 2015 578 2084 fabulis
605 2040 683 2086 non
709 2029 751 2087 ut
776 2039 873 2088 nova
895 2018 1149 2108 perciperent,
1175 2012 1240 2092 sed

173 2143 217 2204 nt
242 2133 397 2201 animus*
412 2141 450 2200 et
474 2155 602 2201 sensus
628 2131 690 2201 ille
714 2142 973 2201 recrearentur
996 2131 1095 2199 etad
1112 2129 1241 2198 altiora

174 2248 438 2336 incitarentur,
470 2249 649 2319 interesse
675 2249 852 2320 solebant.
904 2247 1007 2338 Quid
1031 2247 1239 2316 hodierno-

173 2387 260 2434 rum
284 2363 384 2433 bona
397 2386 484 2455 pars
503 2365 698 2435 hominum
716 2367 877 2435 sentiant
895 2365 1098 2433 accuratius
1120 2387 1239 2454 expo-

173 2501 265 2549 nere
278 2478 441 2571 'longum
467 2492 522 2551 est
553 2481 737 2575 taediique
768 2480 930 2573 plenum.
991 2480 1240 2549 Transeamus

175 2596 221 2665 ad
248 2595 406 2687 aliquam
430 2596 574 2665 fabulae
605 2622 823 2689 personam,
865 2621 975 2689 quam
1009 2618 1086 2663 cur·
1108 2596 1240 2685 cuique

173 2713 273 2782 bono
305 2721 416 2801 poeta
448 2712 660 2800 adduxerit,
703 2738 817 2803 quum
849 2713 889 2778 in
914 2711 984 2777 hac
1009 2720 1240 2779 commenta-

174 2826 287 2897 tionis
311 2836 418 2921 parte
443 2826 709 2897 demonstrare·
729 2827 896 2895 nondum
929 2848 998 2894 nec
1023 2825 1148 2895 lubeat
1171 2848 1241 2893 nec
1342 2897 1345 2900 ,
1428 2885 1430 2888 ,

173 2943 301 3032 liceat,
336 2951 436 3011 certe
461 2942 646 3035 quomodo
673 2966 713 3011 se
737 2954 841 3035 gerat
866 2954 903 3012 et
927 2940 1043 3035 qualis
1069 2941 1242 3011 situnne

174 3058 474 3151 investigabitur.·
516 3058 612 3127 Nam
628 3059 799 3128 Oc'eanus
825 3058 943 3127 affinis
968 3058 1150 3150 amicique
1176 3081 1240 3125 ca:-

173 3173 336 3244 lamitate
376 3174 539 3266 percitus
579 3176 750 3265 advenit,
779 3168 1071 3245 'Prometheum
1111 3172 1240 3249 solatio

175 3302 284 3384 atque
310 3289 447 3359 auxilio
477 3304 651 3363 erectum.
715 3290 792 3380 Qui
824 3291 1043 3383 simulatque
1076 3300 1240 3382 apparet,

176 3430 254 3477 non
288 3416 433 3499 potest,
476 3408 566 3498 quin
598 3408 838 3476 describendo
873 3418 910 3475 et
942 3408 1015 3475 iter
1052 3416 1090 3473 et
1122 3428 1239 3492 avem,

177 3544 249 3617 qua
274 3519 448 3607 vehatur,
490 3533 528 3589 et
550 3524 754 3609 nationem,
791 3545 862 3612 qua
886 3522 921 3587 ei
945 3521 1150 3611 inequitare
1175 3543 1241 3587 so-

176 3638 290 3727 leat,
312 3644 559 3728 spectatorum
591 3637 708 3706 risum
733 3637 848 3728 magis
873 3657 982 3728 quam
1006 3635 1180 3705 timorem
1205 3646 1244 3703 et

175 3752 465 3831 misericordiam
506 3766 731 3827 commoveat
746 3772 751 3780 '
769 3747 838 3846 (V.
866 3745 1117 3842 afim—295).
1169 3750 1241 3821 His

180 3870 358 3940 enarratis
391 3869 438 3937 ad
463 3870 726 3944 Prometheum
752 3892 792 3940 se
817 3870 1004 3945 convertit
1029 3870 1081 3938 ita
1107 3889 1241 3937 canens

179 3979 240 4077 (V.
257 3981 521 4077 -296--505.):
862 3970 866 3977 ¹

928 4154 932 4159 .
1011 4112 1056 4179 3.
