2959 4750
563 361 615 376 ...
665 335 816 412 292...-

160 524 342 602 rersiculo
359 545 434 592 uno
452 519 732 612 comprehendit
749 517 787 588 V
788 568 796 587 .
815 515 888 585 655
900 511 946 609 ⁷).
992 517 1223 611 Quamquam

160 644 269 736 hujus
296 642 352 711 rei
379 642 489 709 etiam
514 639 583 707 alia
600 660 706 704 causa
723 647 798 723 est,
823 636 864 703 in
889 635 1032 706 fabulae
1056 638 1223 730 pondere

159 763 248 850 sita,
276 760 322 828 de
348 781 419 850 quo
445 767 530 851 post
554 755 771 829 videbimus.

262 997 390 1084 Quum
431 990 631 1084 Aeschylus
671 993 788 1083 probe
829 993 960 1083 sciret,
1008 989 1224 1062 Promethei

159 1125 299 1182 sortem
323 1114 495 1180 miseram
519 1121 672 1201 propter
697 1108 875 1178 beneficia
899 1111 1068 1202 ingenus
1088 1107 1225 1174 huma-

160 1254 253 1298 num
285 1230 431 1316 collata,
467 1221 576 1295 nimis
613 1240 879 1296 commoturum
913 1238 950 1296 et
973 1226 1224 1320 perculsuram

162 1370 241 1415 esse
267 1346 509 1437 spectantium
536 1345 696 1433 animos,
724 1357 830 1414 caute
856 1357 1007 1437 cuteque
1031 1344 1125 1412 tanti
1150 1342 1224 1408 do-

159 1463 249 1532 loris
277 1462 498 1554 excogitavit
523 1461 761 1550 medicinam,
796 1487 868 1554 qua
900 1463 1116 1554 impediret,
1151 1480 1224 1550 quo

162 1581 285 1646 minus
310 1601 399 1669 prae
414 1579 528 1644 nimia
547 1577 695 1644 miseria
709 1567 880 1668 pulcrum
895 1603 915 1646 e
931 1580 1117 1671 tragoedia
1134 1605 1225 1651 eva-

162 1705 341 1763 nesceret
394 1693 546 1762 Induxit
572 1704 694 1762 autem
719 1695 759 1761 in
786 1720 933 1766 scenam
956 1696 1105 1783 Ionem,
1133 1722 1225 1788 quae

159 1811 260 1882 lovis
286 1836 412 1880 amore
436 1811 591 1880 lunonis
617 1812 785 1880 furorem
811 1814 1044 1899 excitaverat,
1070 1813 1110 1878 in
1134 1837 1224 1883 vac-

161 1951 224 1996 cae
249 1927 405 2020 figuram
429 1940 652 1996 commutata
661 1927 801 2022 Argum
827 1930 1016 1999 custodem
1042 1929 1086 1997 ab
1101 1953 1143 1997 ea
1159 1955 1225 1998 ac·-

163 2055 326 2135 ceperat,
367 2055 403 2112 et
427 2045 499 2112 hoc
524 2069 545 2112 a
570 2044 759 2114 Mercurio
792 2046 1007 2133 interfecto,
1043 2056 1119 2114 tam
1147 2057 1225 2117 erat

161 2161 263 2249 asilo,
291 2183 400 2252 quem
425 2162 521 2232 luno
547 2167 708 2251 miserat,
734 2165 881 2232 turbata
908 2173 944 2230 et
968 2162 1009 2228 in
1031 2163 1118 2255 fuga
1133 2143 1222 2232 cruss

162 2278 265 2363 ciata,
291 2288 332 2345 ut
358 2281 523 2350 omnium
539 2283 725 2375 virginum
752 2283 822 2350 sibi
838 2280 1029 2352 videretur
1056 2305 1135 2350 esse
1158 2284 1224 2349 in·-

161 2396 381 2465 felicissima.
434 2398 538 2468 Haec
563 2401 687 2491 igitur,
716 2392 808 2491 quae
833 2421 910 2466 non
935 2399 1077 2466 mitiori
1100 2400 1140 2466 in
1156 2400 1225 2467 Jo-

121 2527 123 2533 '
163 2535 246 2585 vem
274 2524 352 2581 erat
376 2516 510 2605 animo,
539 2540 646 2611 quam
673 2540 746 2609 quo
773 2528 852 2586 erat
875 2516 1131 2603 Prometheus,
1159 2539 1224 2583 er·
1292 2508 1295 2512 ⁵

163 2652 250 2698 rans
277 2630 400 2699 fertur
425 2634 471 2699 ad
495 2632 605 2723 hujus
630 2658 781 2724 rupem,
816 2658 890 2703 una
924 2657 1007 2703 cum
1043 2656 1086 2701 eo
1119 2633 1225 2701 illum

163 2747 337 2816 conviciis
364 2748 548 2835 obrutum,
573 2750 775 2839 injustitiae
800 2761 837 2818 et
861 2750 1086 2818 crudelitatis
1112 2773 1225 2818 accu-

137 2960 142 2967 Ι
163 2874 282 2931 satum
309 2876 345 2933 et
369 2866 527 2956 pessima
553 2889 718 2959 quaeque
742 2868 797 2934 illi
814 2868 1058 2958 deprecatum.
1085 2864 1134 2933 At
1148 2867 1224 2933 mi-
1249 2944 1252 2947 ⁴

163 3003 288 3049 serum
314 3006 402 3051 sane
428 2995 483 3052 est
509 2983 696 3072 solatium,
724 2985 844 3053 socios
869 2985 1007 3052 habere
1030 2983 1225 3070 malorum,

163 3098 381 3189 quibuscum
420 3100 603 3195 malorum
640 3112 807 3170 auctores
851 3101 974 3171 verbis
1018 3099 1226 3169 convellere

163 3234 284 3306 queas.
309 3215 437 3315 Itaque
461 3217 522 3287 hic
546 3218 739 3310 utriusque
766 3241 983 3310 congressus
1000 3216 1102 3285 nullo
1118 3226 1226 3307 pacto

164 3334 373 3425 tragoediae
399 3336 570 3426 dignitati
595 3336 837 3423 satisfaceret,
876 3336 950 3402 nisi
976 3358 1022 3403 ex
1047 3334 1118 3401 hoc
1142 3334 1225 3424 ipso

163 3448 247 3517 Ioni
272 3453 428 3539 requies,
441 3452 664 3520 Prometheo
678 3464 800 3521 autem
824 3452 993 3520 liberatio
1018 3458 1224 3540 pararetur.

164 3564 316 3633 Narnia
342 3590 412 3659 pro
438 3567 563 3638 divina
587 3588 653 3633 sua
679 3577 717 3635 et
747 3567 896 3635 fatidica
920 3575 1052 3633 natura
1077 3564 1224 3631 disertis

160 3743 370 3754 ——--—--

231 3838 257 3906 ⁷)
288 3837 375 3892 Poeta
394 3838 454 3910 ipse
471 3836 621 3905 intellexit,
647 3847 706 3892 tam
722 3836 814 3892 mults
837 3838 894 3908 jam
913 3836 947 3890 de
964 3852 1126 3910 poenarum
1144 3849 1227 3885 causa

164 3921 194 3975 in
212 3923 446 3994 praecedentibus
468 3922 578 3976 fabulae
604 3923 735 3996 partibus
754 3924 829 3976 dicta
848 3942 921 3992 esse,
949 3932 980 3975 ut
1002 3940 1079 3976 nova
1099 3918 1224 3989 ejusdem

163 4009 294 4080 repetitio
312 4010 381 4063 serri
399 4010 446 4063 vix
463 4019 567 4082 posset.
602 4010 679 4063 Fecit
696 4009 785 4081 igitur
802 4007 924 4063 ridiculo
942 4007 1078 4074 artificio,
1096 4014 1130 4059 ut
1147 4004 1225 4059 lonis

163 4094 383 4166 interrogationi
401 4092 588 4149 Prometheus
605 4095 641 4146 V.
660 4097 719 4147 636.
736 4093 924 4168 responderet
1135 4102 1138 4108 “
1218 4086 1227 4104 ’

352 4174 441 4253 ἁρμοῖ
455 4186 602 4253 πέπαυμαι
618 4179 681 4238 rode
697 4179 778 4251 ε’μοῦς
794 4179 910 4251 θρηνῶν
926 4176 1036 4237 alvom.
