2959 4750
670 317 924 438 468³-

263 556 386 652 colligi
417 577 497 626 non
529 554 684 644 debere,
726 577 836 648 quam
868 535 1067 651 quaetem¹
1099 531 1260 619 dilucide
1293 535 1332 622 et

262 677 372 772 plane
397 657 647 746 demonstrata
671 681 711 744 et
735 693 910 764 expressa
934 669 1001 760 sit,
1027 679 1071 739 ut
1089 667 1133 738 ab
1154 690 1330 762 unoquo-

263 818 355 887 que,
379 790 502 885 pulcri
526 790 693 884 rectique
718 811 831 858 sensu
856 809 935 886 non
960 769 1109 875 orbato,
1136 771 1244 855 facile
1265 808 1330 854 ea·

257 911 350 996 „dem
376 919 414 980 et
437 907 649 983 inveniatur
674 918 712 999 et
741 905 978 998 intelligatur.
1037 891 1082 972 In
1107 901 1331 988 Prometheo

261 1051 356 1112 vero
382 1049 562 1100 summam
588 1025 716 1116 illam,
733 1046 827 1118 quae
852 1020 964 1114 vulgo
993 1011 1176 1090 sententia
1200 1011 1331 1114 poetae

259 1145 452 1219 tahidaeve
475 1138 692 1234 significatio
718 1139 841 1227 audit,
866 1161 936 1208 nec
956 1136 1105 1230 planam
1132 1161 1229 1226 esse,
1263 1158 1332 1204 neo

259 1262 466 1357 perspicue.
484 1243 695 1350 expressam
720 1278 768 1327 ex
794 1279 846 1354 0⁰,
865 1264 1035 1346 apparet,
1071 1253 1171 1344 quod
1196 1251 1284 1322 inde
1309 1273 1331 1346 a

257 1375 490 1464 Robartello.¹
506 1372 553 1455 ad
572 1369 798 1454 Velckerum
822 1370 1064 1442 novissimum
1089 1369 1330 1460 interpretem

260 1516 379 1587 usque
403 1480 535 1563 aarum
560 1488 714 1582 quisque
739 1486 847 1582 aliam
873 1497 918 1567 et
941 1511 962 1556 a
988 1487 1120 1558 ceteris
1146 1485 1329 1578 diversam

261 1627 317 1690 er,
341 1593 411 1690 hec
435 1606 573 1691 eadem
602 1602 725 1673 fabula
758 1603 963 1676 enucleavit
996 1595 1179 1698 uniceque
1203 1599 1330 1676 veram

255 1727 399 1798 vidisse
424 1724 495 1792 sibi
519 1723 622 1795 visus
649 1733 714 1788 est
774 1717 829 1790 Ac
854 1721 885 1788 si
910 1705 1196 1792 hoc'tantorum
1220 1720 1327 1789 viro-

259 1867 345 1914 rum
369 1838 564 1909 dissidium
587 1836 808 1906 senteutiam
830 1837 939 1935 istam
968 1838 1086 1936 ipsam
1111 1860 1205 1932 quae
1227 1835 1329 1904 Pro-

256 1959 409 2038 metheo
443 1953 628 2045 contineri
652 1934 805 2044 dicitur,
842 1953 883 2022 in
916 1955 1162 2048 suspicionem
1195 1953 1329 2025 vocare

205 2078 209 2085 “
256 2088 401 2174 potest,
428 2086 508 2146 tum
518 2070 678 2142 omnino
698 2068 768 2146 hac
784 2071 1018 2164 potissimum
1035 2063 1171 2162 aetate,
1197 2069 1237 2138 in
1257 2071 1329 2162 qua

252 2195 351 2290 ⁴quid
383 2213 527 2287 quaque
558 2187 746 2280 tragoedia
762 2211 764 2214 ·
782 2189 931 2280 antiqua
971 2173 1146 2258 doceatur
1183 2165 1328 2256 curiose

260 2310 496 2404 investigari,
530 2304 673 2389 doceri⁴
688 2304 883 2393 antemio
909 2306 1079 2376 omnibus
1106 2299 1325 2401 sententiam

260 2431 418 2520 aliquam
443 2426 540 2496 sumi
564 2446 706 2517 proque
731 2433 832 2493 certo
858 2420 987 2492 haberi
1013 2425 1124 2512 solet,
1159 2445 1236 2491 non
1260 2421 1326 2489 in-'

258 2546 360 2615 utilis
376 2542 450 2616 viri
463 2542 575 2634 periti
592 2540 698 2607 labor
716 2538 804 2640 erit,
832 2562 1025 2631 quaerere,
1051 2552 1178 2609 utrum
1193 2532 1326 2631 poetae

259 2663 494 2735 Graecorum
518 2657 646 2757 tragici
671 2654 878 2723 fabularum
903 2652 1097 2728 summum
1115 2654 1228 2723 finem
1252 2652 1326 2723 ha'-

259 2779 430 2863 buerint,
479 2786 523 2844 ut
557 2754 752 2865 praecepta
792 2772 1049 2865 philosophica
1090 2773 1325 2844 demonstra-

259 2910 391 2969 rentur
414 2916 455 2959 ac
482 2891 723 2974 docerentur,
763 2911 811 2954 an
844 2890 966 2979 potius
1001 2915 1114 2981 opera
1141 2888 1230 2959 artis
1257 2914 1327 2959 suar

258 3040 281 3088 a
305 3005 560 3107 philosophiae
585 3004 837 3073 dominatione
868 3004 985 3076 libera
1018 3030 1099 3077 esse
1129 3017 1167 3075 et
1189 3010 1258 3099 per
1282 3029 1323 3075 se

258 3144 358 3204 stare
381 3123 679 3213 considerarique
703 3122 911 3191 maluerint.
975 3122 1162 3217 Quicquid
1186 3122 1226 3191 id
1251 3146 1323 3191 au·-

256 3258 335 3315 tem
359 3251 434 3321 est,
466 3236 633 3305 omnium
661 3235 806 3301 fabulae
831 3246 980 3306 nostrae
1004 3242 1324 3330 interpretamen-'

255 3372 382 3432 torum
407 3364 507 3425 certe
531 3373 609 3421 non
633 3350 944 3445 simplicissimum
976 3376 1045 3424 nec
1060 3354 1320 3439 ¹‚felicissimum

256 3473 535 3572 Valckeriesse
549 3470 717 3556 ridetur.
780 3467 875 3551 Nam
909 3469 1008 3565 quod
1040 3468 1325 3542 is'Prometheo'¹

258 3591 384 3664 doceri
405 3600 508 3659 ratus
534 3599 605 3677 est,
644 3585 684 3654 id
707 3588 878 3677 proxime
892 3580 1005 3655 ¹abest
1020 3564 1050 3655 'a
1076 3586 1202 3657 schola
1227 3588 1317 3657 Pla'-

254 3710 379 3783 tonica
402 3715 441 3774 et
462 3702 696 3796 philosophie
719 3701 923 3791 hodierna,‘
950 3703 1163 3797 longissime
1195 3704 1319 3789 autem

255 3826 302 3897 ab
321 3819 495 3914 Aeschyli
520 3818 668 3909 sublimi
690 3816 933 3910 simplicitate.
984 3819 1169 3890 Cohaeret
1193 3833 1317 3894 autem

255 3941 458 4021 arctissime
487 3936 578 4006 haec
609 3934 768 4007 fabulam
801 3936 1071 4030 interpretandi
1103 3937 1196 4006 ratio
1231 3962 1319 4009 cum·

255 4080 317 4147 ea,
349 4044 421 4150 qua
452 4055 514 4128 vir
545 4054 617 4125 iste
642 4051 876 4124 doctissimus
901 4056 939 4123 et
962 4054 1175 4147 ingeniosus
1198 4063 1314 4125 totam

212 4223 216 4235 .
253 4171 483 4246 Graecorum
505 4170 770 4267 mythologiam
796 4171 1030 4242 considerare
1063 4168 1101 4241 et
1131 4194 1177 4240 ex
1220 4150 1315 4241 'care
