2959 4750
642 290 896 374 -³'·12*--
1019 335 1032 368 .

240 495 433 590 periosius,
460 495 569 590 quam
590 493 737 587 justius,
763 490 904 563 etsine
919 497 1020 563 recti
1036 505 1208 590 certaque
1232 510 1300 564 rac-¹

239 614 349 686 tione'
365 615 508 686 factum
520 633 601 681 esse
616 609 828 698 videretur,
855 609 920 680 sed
943 610 997 679 ita
1009 610 1067 679 'ad
1081 613 1179 682 'usus
1194 635 1297 681 meos

239 731 410 819 adhibui,
446 739 507 818 ut,
544 728 576 798 si
603 726 781 798 orationis
806 728 890 798 vim
903 724 1091 819 ‘quandam
1125 730 1297 798 eontine-

237 858 343 936 rent,
372 845 688 939 producerentur,
733 853 789 933 et,
824 845 857 913 si
889 844 970 912 sine
1001 842 1072 911 ista
1103 846 1143 916 vi
1173 858 1298 919 tamen

236 961 518 1055 productionem
541 967 777 1053 paterentur,
810 962 860 1032 iis'
882 969 983 1030 certe
1007 958 1162 1029 sedibus
1179 959 1298 1030 collo-

238 1089 446 1165 carentur,
468 1091 568 1168 quae
585 1077 749 1145 tenuiori
780 1077 858 1146 ictu
882 1074 1121 1169 pronunciari
1154 1077 1299 1146 debent.

240 1192 400 1266 Voculas
426 1203 552 1262 autem
578 1190 743 1283 ejusdem
755 1193 1036 1286 >monosyllabas
1050 1191 1248 1261 nonnullas
1261 1213 1296 1261 v.

237 1334 269 1378 o.
294 1306 412 1377 durch
436 1308 766 1402 praepositionem,
798 1319 972 1403 tanquam
997 1309 1044 1378 ad
1076 1307 1301 1402 productio-

236 1447 323 1496 nem
353 1424 605 1517 'procliviores
646 1431 756 1517 'quem
796 1427 844 1496 ad
885 1427 1177 1520 correptionem,
1216 1421 1298 1517 fere

236 1540 406 1612 omnibus
439 1543 480 1611 in
497 1540 602 1610 ’locis
635 1541 807 1631 produxi.
875 1542 1040 1613 Omnino
1066 1542 1226 1633 'denique
1255 1539 1296 1606 in

236 1659 416 1732 vertendo
442 1678 519 1727 non
544 1657 740 1728 immemor
758 1684 859 1729 eram
883 1670 1177 1752 praeceptorum,
1204 1677 1297 1747 quae

235 1775 338 1844 dedit
362 1771 584 1842 Guilielmus
619 1771 668 1840 de¹
690 1774 900 1844 Humboldt
931 1774 1211 1844 Introductione
1250 1771 1305 1838 nd·

235 1886 407 1982 Aeschyli
418 1885 703 1982 Agamemnonis
729 1891 1012 1964 conversionem
1023 1889 1295 1962 Germanicam.

233 2004 316 2076 Hac
332 2006 523 2102 occesione
533 2005 627 2076 mihi
643 2007 899 2099 obtemperare
912 2006 989 2099 non
1004 2030 1168 2100 possum,
1193 2006 1295 2097 quin,

131 2159 142 2176 ε
234 2120 333 2214 quod
359 2143 507 2211 omnes,
542 2122 674 2213 quibus
706 2123 833 2212 lingua
865 2124 1061 2196 vernacula
1094 2121 1196 2190 cordi
1227 2130 1295 2206 est,

235 2237 415 2310 Germani
437 2237 652 2328 jamdudum
685 2237 914 2327 desiderant,
957 2262 1025 2332 ego
1054 2258 1200 2330 qnoque
1226 2235 1307 2306 de-·

235 2378 311 2427 nuo
337 2353 497 2449 eloquar.
518 2385 521 2389 ’
548 2353 631 2427 Etsi
657 2356 758 2428 enim
774 2354 910 2451 *lingue
930 2367 1058 2427 nostre
1076 2376 1153 2424 non
1169 2353 1299 2425 minus.

235 2484 353 2559 certa,
389 2494 498 2563 quam
524 2473 719 2561 sanserita,
753 2496 902 2565 graeca,
936 2471 1049 2542 latina
1083 2482 1120 2540 et
1147 2470 1294 2539 'arabice

232 2587 407 2684 prosodia
431 2587 576 2679 gaudet,
604 2609 718 2680 eaque
743 2613 787 2659 re
812 2611 939 2658 omnes
948 2588 1125 2680 Europae
1148 2587 1292 2678 linguas

234 2705 473 2793 recentiores,
500 2704 682 2797 imprimis
707 2706 1014 2799 stnncogallicam,
1040 2705 1229 2797 anglicam,
1255 2714 1292 2771 et

234 2822 393 2895 italicam
425 2822 640 2908 antevertit,
674 2833 799 2892 tamen
832 2833 964 2915 poetae
997 2829 1180 2892 nostrates
1213 2842 1291 2889 non

233 2939 320 3011 mali
336 2918 464 3007 'soliun
489 2938 556 3005 sed
582 2938 691 3005 etiam
716 2938 847 3030 optimi
872 2938 924 3005 ita
945 2937 987 3003 in
1000 2938 1167 3009 versibus
1191 2958 1290 3029 pnn-

233 3054 363 3149 gendis
387 3064 601 3141 versantur,
645 3056 749 3146 quasi
779 3056 905 3148 lingua
927 3055 1125 3126 vernacula
1157 3055 1291 3138 decore

231 3173 303 3242 isto
330 3182 367 3241 et
390 3169 473 3241 luce
496 3192 651 3261 prorsus
677 3182 837 3258 careret,
866 3193 983 3261 eoque
1008 3182 1073 3240 aut
1094 3170 1304 3264 prosodiae.
1374 3262 1377 3265 ἡ

232 3286 472 3381 germanicae,
488 3298 525 3356 et
548 3285 766 3370 firmitatem,
778 3297 816 3357 et
840 3287 1113 3374 certitudinem,
1139 3296 1203 3354 aut
1218 3307 1288 3356 ve-

231 3427 312 3475 ram
335 3402 467 3493 poesin
492 3402 602 3471 etiam
626 3400 747 3471 forma
777 3404 906 3496 pulcra
931 3414 969 3473 et
992 3402 1190 3473 artificiosa
1214 3421 1285 3469 ex-

232 3518 365 3591 cellere
397 3541 437 3588 se
467 3520 640 3611 ignorare
670 3519 846 3591 fatentur.
910 3520 963 3590 Ut
993 3520 1106 3610 igitur
1137 3517 1288 3587 tandem

231 3635 425 3731 aliquando
452 3643 489 3700 et
511 3631 571 3697 his
597 3636 849 3720 subveniatur,
875 3645 913 3704 et
928 3632 1147 3722 syllabarum
1163 3633 1287 3699 soien-

228 3756 280 3825 tia
304 3753 384 3843 ipsa
407 3744 612 3817 stabiliatur
626 3746 897 3843 perfectiorque
911 3748 1097 3835 reddatur,
1113 3770 1287 3840 magnum

229 3874 440 3963 justumque
463 3861 736 3951 Germanorum
770 3878 827 3938 est
857 3866 1089 3938 desiderium.
1124 3860 1284 3955 '‘Aggre-

232 3967 382 4059 diantur
405 3982 478 4055 viri
501 3980 633 4051 hanun
657 4002 785 4050 rerum
808 3985 919 4077 periti
945 4008 1026 4054 eam
1050 3993 1186 4070 artem,
1217 4004 1282 4051 se-
1311 3968 1314 3972 ‘

229 4118 390 4201 quantu
423 4100 640 4197 exemplum
681 4100 902 4193 Kirehneri,
939 4110 1210 4196 programmate
1250 4090 1303 4167 a(
