2959 4750
602 331 890 406 ,se-4·-

250 519 420 612 jutrices,
447 529 589 589 constat
614 520 840 613 antiquitatis
857 521 1029 613 cognitio,
1055 540 1183 611 unum,
1211 522 1308 614 quod

251 643 420 708 versatur
444 635 485 703 in
512 637 739 729 exponendis
764 638 873 707 rebus
899 639 1029 731 gestis,
1056 649 1151 732 statu
1177 639 1309 710 civita-

251 764 332 821 tum
358 763 395 820 et
421 761 578 820 externo
605 765 643 823 et
666 754 826 846 interno,
851 754 1093 848 geographia,
1120 755 1310 847 disciplina

252 864 521 960 antiquitatum
546 873 697 940 nomine
721 873 877 964 insigni,
910 872 1066 941 alterum
1091 868 1308 963 complecti-

253 996 315 1053 tur
342 996 547 1053 accuratam
574 998 611 1055 et
634 1002 828 1080 poetarum
844 1001 882 1059 et
894 989 1201 1082 philosophorum
1217 1010 1310 1080 per-

251 1103 519 1186 tractationem,
547 1127 628 1196 qua,
656 1106 842 1196 quomodo
867 1105 989 1196 poesis
1016 1115 1053 1173 et
1076 1103 1311 1196 philosophia

252 1229 338 1285 nata
363 1219 411 1286 sit
431 1231 474 1288 et
501 1243 717 1312 progressa,
753 1234 791 1291 et
816 1246 881 1290 cur
907 1223 960 1290 ita
983 1221 1120 1290 factum
1146 1219 1210 1308 sit,
1245 1242 1310 1287 ar-

252 1335 434 1427 gumentis
468 1336 610 1406 idoneis
643 1339 861 1427 edoceatur,
897 1363 998 1432 qua,
1021 1337 1109 1430 quid
1142 1337 1181 1404 in
1205 1336 1311 1427 poesi

253 1453 393 1520 bonum
419 1464 456 1521 et
482 1437 650 1526 divinum
676 1456 733 1541 sit,
762 1445 851 1546 quid
875 1477 953 1521 non
978 1454 1044 1541 sit,
1071 1442 1311 1538 discernatur,

253 1593 343 1663 qua,
381 1569 468 1660 quid
493 1595 514 1639 a
539 1582 667 1640 nostra
691 1571 875 1640 sentiendi
898 1571 1044 1640 ratione
1068 1572 1108 1637 in
1132 1568 1312 1661 poematis

251 1685 411 1774 antiquis
443 1688 645 1777 discrepet,
674 1698 898 1776 exponatur,
925 1709 1003 1776 vqua
1035 1685 1193 1776 denique
1227 1681 1309 1752 effi-

252 1801 388 1884 ciatur,
415 1776 457 1867 ut
480 1802 583 1870 lectis
608 1802 728 1894 poetis
754 1802 887 1895 imago,
914 1802 1096 1892 omnibus,
1124 1812 1214 1893 quot
1228 1798 1311 1867 {ieri

251 1926 376 2010 potest
403 1919 580 1992 numeris
594 1919 773 2010 absoluta,
799 1919 920 2012 poesis
945 1919 1121 2012 vitaeque
1141 1919 1311 2008 antiquae

251 2034 381 2101 animis
407 2035 544 2102 nostris
569 2048 811 2126 proponatur.
860 2036 988 2104 Poesis
1005 2046 1128 2104 autem
1143 2041 1312 2117 accurata

251 2160 287 2218 et
312 2147 502 2239 ingeniosa
523 2151 759 2241 pertractatio
785 2150 869 2240 plus
894 2150 982 2219 facit
1005 2150 1052 2216 ad
1075 2149 1308 2241 perspicien—

251 2267 334 2333 dam
350 2265 602 2356 antiquitatem
618 2288 726 2357 quam
750 2266 1016 2358 philosophiae.
1066 2265 1111 2333 Iu
1125 2265 1194 2334 hac
1210 2266 1309 2333 enim

250 2405 355 2451 mens
380 2382 542 2449 humana
567 2394 741 2472 operatur
766 2385 843 2453 sola
868 2396 906 2452 et
930 2384 1049 2454 soluta
1063 2408 1085 2449 a
1102 2384 1213 2452 rebus
1239 2405 1309 2451 ex-

250 2499 385 2597 ternis,
410 2500 510 2567 illam
518 2498 550 2565 si
564 2498 792 2589 cognoveris,
804 2522 851 2567 ex
860 2500 935 2568 imo
950 2509 1101 2591 pectore
1113 2498 1308 2589 profluen-

251 2628 338 2704 tem,
367 2626 465 2685 totus
491 2616 727 2708 antiquorum
752 2617 975 2709 populorum
1001 2616 1161 2704 animus,
1189 2614 1308 2683 omnis

252 2732 436 2803 sentiendi
459 2734 567 2821 ratio,
593 2741 670 2801 tota
697 2734 857 2826 denique
882 2736 969 2821 vita,
995 2743 1038 2800 ut
1062 2731 1105 2802 fit
1129 2734 1168 2799 in
1185 2731 1308 2833 tabula

150 2900 156 2905 .
249 2850 357 2942 picta,
384 2850 637 2941 aspicientium
663 2850 779 2915 oculis
806 2850 1070 2920 obversabitur.
1119 2848 1200 2915 Jarn
1217 2871 1307 2919 vero

249 2966 357 3059 parti,
385 2989 494 3058 quam
510 2964 695 3055 superiori
707 2963 790 3031 loco
805 2965 1006 3055 posuimus,
1026 2975 1220 3057 postquam
1235 2965 1309 3053 jam

248 3084 428 3174 proximis
455 3093 581 3151 nostro
607 3080 760 3149 saeculis
785 3065 942 3157 multum
968 3083 1080 3150 studii
1104 3104 1311 3173 operaeque

250 3208 442 3287 natarunt,
470 3220 628 3291 quorum
654 3200 979 3268 commentationes
1005 3196 1159 3294 Graevii
1182 3210 1219 3265 et
1241 3199 1307 3269 Ja-

250 3315 333 3385 cobi
359 3315 543 3388 Gronovii
569 3315 771 3387 Thesauris
799 3316 950 3407 aliisque
984 3314 1152 3384 inlibris
1184 3315 1308 3412 conti-

250 3444 405 3524 nentur,
440 3446 566 3504 nostra
590 3435 823 3527 potissimum
849 3442 967 3502 aetate
991 3434 1211 3502 nostratium
1237 3431 1309 3499 ali-

251 3560 351 3640 quot,
379 3553 418 3615 in
437 3555 567 3638 quibus
582 3551 824 3635 Boeckhium,
842 3546 1101 3633 Niebuhrium,
1127 3547 1309 3643 Manner-

249 3674 342 3749 tum,
367 3661 567 3749 Wolfium,
592 3662 878 3746 Buttmannum,
904 3657 1109 3731 Uchertum
1134 3662 1308 3760 nomina-

248 3800 351 3864 muS,
384 3776 487 3845 libris
521 3778 628 3846 docte
662 3788 700 3846 et
731 3778 922 3871 ingeniose
947 3776 1159 3868 compositis
1190 3778 1308 3847 facem

248 3891 320 3961 late
347 3892 551 3985 fulgentem
577 3892 788 3963 attulerunt.
840 3894 971 3987 Neque
1003 3894 1126 3963 minus
1158 3894 1307 3965 alterius

249 4011 461 4104 disciplinae
476 4009 654 4102 particula
668 4011 784 4101 prior,
803 4035 896 4104 quae
909 4010 1181 4104 philosophiam
1195 4036 1306 4103 grae-

249 4150 328 4197 cam
354 4128 619 4222 complectitur,
643 4128 702 4197 his
726 4129 954 4222 temporibus
978 4152 1000 4196 a
1026 4128 1306 4216 Tennemanno,
