2959 4750
532 289 911 366 ι·--28·-·

251 481 334 556 Alia
358 479 511 552 artificia
537 479 762 550 considerari
782 480 917 551 debent
939 482 980 550 in
1005 480 1167 574 singulis.
1209 482 1315 552 -Nam

253 600 353 696 quod
377 596 620 667 Prometheus
648 598 754 685 dum,
792 599 893 669 Jovis
916 600 1185 690 apparitoribus
1210 600 1314 669 ludi-

252 717 465 803 ficantibus,
490 714 694 785 aVulcano
720 701 857 786 vesano
884 714 1040 784 afficitur
1061 717 1200 805 dolore,
1227 717 1315 786 dum

128 851 133 856 ’
252 835 412 906 clavibus
440 854 522 899 cum
548 833 679 901 ferreis
705 833 791 905 valli
826 832 991 901 desertae
1022 846 1317 927 praeruptaeque

251 951 426 1044 affigitur,
461 962 612 1042 pectora
638 975 738 1020 serra
764 951 997 1041 inciduntur,
1038 974 1146 1020 crura
1171 952 1317 1020 annulis

250 1069 429 1160 ligantur,
463 1068 576 1135 latera
610 1067 719 1156 loris,
754 1080 875 1135 totum
899 1088 1034 1155 corpus
1059 1068 1190 1139 vinclis
1223 1091 1316 1159 per-

250 1186 476 1274 forantibus,
515 1208 563 1253 ne
587 1207 700 1253 unam
734 1185 882 1275 quidem
908 1183 1077 1252 voculam
1111 1183 1204 1271 edit,
1243 1208 1316 1275 qua

251 1302 418 1372 dolorem
452 1303 651 1392 exprimat,
690 1311 816 1368 utrum
850 1300 921 1369 hoc
956 1299 1145 1368 silentium
1176 1301 1316 1370 fortui-

250 1432 331 1490 tum
359 1441 438 1488 esse
470 1440 516 1486 an
542 1418 709 1486 maximo
737 1430 873 1510 poetae
903 1417 1052 1508 ingenio
1080 1429 1117 1486 et
1142 1420 1212 1488 arti
1244 1419 1315 1488 dc·-

233 1537 331 1608 .beri
347 1531 502 1605 censes?
530 1535 652 1625 Quam
669 1534 935 1603 sententiosam
950 1538 1200 1606 narrationem
1215 1537 1316 1605 Pro-

249 1655 419 1726 metheus
451 1651 524 1721 hoc
557 1654 597 1722 in
629 1652 714 1721 loco·
750 1653 847 1743 apud
870 1652 1090 1742 Euripidem
1123 1654 1316 1724 habiturus

250 1772 391 1854 fuisset,
418 1778 527 1858 quam
553 1767 647 1834 salse
668 1791 769 1854 mox,
794 1793 882 1836 mox
908 1791 1016 1860 quam
1036 1770 1176 1857 acerbe,
1202 1770 1313 1862 'quam

158 1891 160 1898 ’
250 1885 422 1954 flebiliter
449 1883 608 1976 denique
635 1907 682 1952 ex
706 1883 817 1974 hujus
850 1883 1007 1953 artificio
1034 1884 1164 1953 fuisset
1189 1885 1315 1955 dictu-
1437 1967 1441 1971 ‚

250 2026 326 2072 rus.
379 2000 479 2070 Tum
511 1998 678 2090 demum,
722 2026 839 2094 quum
871 2004 1097 2071 cruciatores·
1129 2001 1315 2093 abiissent,

251 2143 326 2192 vox
351 2119 561 2212 prorumpit
585 2119 631 2184 ad
657 2120 891 2186 antestandas
917 2120 993 2187 dias
1019 2119 1170 2185 luminis
1195 2142 1312 2187 auras.

250 2233 419 2306 Alterum
445 2233 544 2326 qnod
568 2233 813 2327 praetermitti
837 2256 915 2302 non
940 2234 1038 2323 licet,
1065 2243 1122 2302 eat
1145 2236 1314 2326 pruden-

251 2354 322 2442 tia,
361 2376 432 2444 qua
468 2361 691 2444 spectatores
724 2350 883 2420 mediam
918 2352 964 2420 ad
995 2376 1076 2420 rem
1107 2353 1314 2443 rapiuntur.

250 2469 418 2557 Namque
445 2478 482 2533 et
506 2469 613 2535 initio
639 2468 882 2535 Prometheus
906 2491 1028 2559 poena
1053 2466 1227 2557 afficitur,
1254 2473 1315 2539 cui

248 2568 390 2678 poenae
416 2584 515 2675 quod
539 2594 788 2676 praecesserat
813 2584 956 2654 crimen
980 2585 1104 2653 statim
1127 2598 1212 2675 post
1232 2588 1314 2655 col-

248 2700 482 2793 loquentibus
498 2700 665 2773 Vulcano
687 2714 724 2771 et
749 2704 1019 2795 apparitoribus
1043 2704 1169 2795 paucis
1195 2704 1315 2797 signi-

251 2816 381 2889 ficatur
408 2830 445 2888 et
470 2820 556 2889 alibi
581 2820 737 2910 amplius
766 2831 969 2913 enarratur.
1020 2818 1069 2887 At
1101 2843 1190 2891 vero
1225 2822 1314 2891 dum

248 2931 451 3024 Aeschylus
485 2934 792 3023 simplicissimam
825 2932 1036 3027 οἰκὸνομίαν
1078 2934 1244 3024 dignitati
1279 2948 1316 3007 et

248 3049 408 3143 ponderi
431 3050 576 3121 fabulae
600 3053 761 3121 maxime
787 3064 1069 3124 consentaneam
1090 3074 1182 3147 ¹esse
1212 3064 1314 3123 recte

249 3168 412 3254 videret,
439 3192 482 3235 eo
509 3170 549 3234 in
575 3168 707 3241 vitium
731 3168 957 3257 incucurrit,
985 3170 1084 3260 quod
1108 3172 1159 3237 ita
1187 3173 1314 3241 eadem

249 3282 392 3373 saepius
432 3292 604 3373 repetere
646 3295 851 3375 cogeretur.
914 3282 969 3353 Ac
1010 3296 1100 3378 quot
1140 3284 1314 3378 deinceps

249 3423 396 3471 scenam
428 3400 690 3491 ingrediuntur
722 3398 921 3495 personae,
962 3415 1020 3473 tot
1043 3429 1065 3472 a
1088 3404 1313 3473 Prometheo

249 3518 435 3609 accipiunt
476 3530 513 3588 et
544 3530 685 3591 {eorum
729 3545 822 3613 quae
842 3502 1027 3615 patitur,
1072 3532 1110 3591 et
1148 3521 1313 3589 criminis

248 3650 330 3709 tum
353 3635 565 3706 breviorem
590 3649 671 3705 tum
697 3637 905 3725 longiorem
931 3637 1217 3704 enarrationem.
1255 3636 1314 3705 Ita

249 3754 417 3851 primum
437 3748 512 3818 fata
546 3775 610 3819 sua
643 3760 728 3842 post
754 3750 913 3821 Vulcani
946 3754 1085 3823 abitum
1122 3738 1313 3843 exclamat,

249 3869 453 3941 secundum
478 3890 602 3937 coram
628 3867 752 3938 Choro
779 3870 906 3939 eadem
932 3873 1086 3965 exponit
1109 3869 1157 3940 V.
1186 3871 1312 3938 205-

252 3987 355 4076 249,
381 3984 535 4055 tertium
559 3984 690 4055 iisdem
716 3987 844 4056 eadem
869 3988 1025 4080 amplius
1051 3988 1237 4079 eloquitur
1262 3986 1309 4058 V.

246 4102 498 4192 ass-ma,
533 4116 703 4197 quartum
730 4104 858 4189 docet,
884 4108 949 4201 ubi
973 4106 1057 4176 Ioni
1083 4107 1156 4176 fata
1180 4129 1246 4175 sua
1270 4103 1309 4170 in
