2959 4750
639 257 893 333 —24-

237 445 404 539 Namque
425 445 457 514 si
482 446 581 518 virili
601 446 730 539 populi
755 447 906 539 alicujus
929 457 1046 517 aetate
1075 470 1136 516 res
1160 459 1296 540 gestae,

236 587 325 656 quas
340 562 495 651 juvenili
510 564 603 653 epici
618 577 750 655 poetae
765 576 1051 658 proposuerunt,
1061 567 1297 654 iterumpro-

236 679 321 748 duci
337 679 490 767 debent,
517 704 642 748 earum
658 685 837 750 memoria
852 705 930 749 non
944 693 1020 749 tam
1037 694 1093 749 est
1112 706 1241 750 recens
1257 705 1299 748 ac

235 795 360 883 firma,
386 806 427 864 ut
448 820 551 864 mera
572 810 767 897 poetarum
789 800 1004 868 narratione·
1024 797 1063 864 in
1087 822 1238 865 succum
1263 808 1302 864 et

235 914 451 1006 sanguinem
467 915 694 986 audientium
710 917 877 989 converti
901 927 1045 1008 queant.
1099 914 1202 1002 Quid
1225 916 1299 1006 igi-

237 1027 328 1100 tur?
368 1032 584 1100 subvenitur
609 1035 811 1116 memoriae
839 1044 987 1123 praeter
1006 1031 1172 1099 auditum
1198 1034 1297 1104 visus

239 1172 361 1217 sensu.
414 1146 469 1214 Ita
485 1159 608 1216 autem
623 1147 685 1231 fit,
712 1159 755 1216 ut
768 1142 960 1240 personae,
988 1150 1034 1216 de
1050 1149 1181 1239 quibus
1195 1151 1299 1241 poesi

241 1266 502 1355 exponendum
518 1277 607 1353 erat,
628 1267 667 1331 in
684 1276 922 1354 conspectum
936 1265 1128 1355 prodeant,
1142 1279 1184 1336 ut
1199 1270 1299 1360 ipsae

236 1383 502 1474 spectatoribus
521 1404 560 1449 se
574 1381 781 1469 ostendant,
794 1405 897 1449 suam
912 1393 1075 1450 mentem
1091 1385 1191 1474 ipsae
1207 1407 1301 1474 ape-

235 1501 344 1588 riant,
372 1511 408 1569 et
423 1500 467 1567 iis
486 1522 609 1566 coram
631 1522 714 1565 cum
731 1499 811 1567 aliis
827 1509 946 1590 agant,
973 1509 1014 1566 ut
1033 1500 1192 1593 denique
1211 1525 1301 1593 spe-

238 1625 415 1706 ctatores,
442 1641 464 1684 a
477 1627 664 1708 tempore,
693 1615 828 1706 dequo
854 1617 995 1706 agitur,
1022 1617 1131 1683 nimis
1154 1620 1300 1706 remoti,

239 1735 309 1800 toti
332 1734 435 1822 quasi
460 1733 691 1820 abripiantur
715 1756 736 1797 a
759 1754 824 1797 sua
838 1742 956 1800 aetate
974 1742 1011 1799 et
1029 1733 1179 1803 vivendi
1195 1735 1302 1824 cogi-

236 1848 411 1941 tandique
427 1845 576 1914 modulo
593 1870 682 1936 suo,
706 1856 816 1938 atque
831 1847 877 1914 ad
899 1871 1027 1916 rerum
1049 1852 1235 1938 gestarum
1261 1861 1300 1919 et

236 1967 428 2058 regionem
446 1974 484 2032 et
499 1975 644 2056 tempus
661 1975 794 2055 poetae
818 1963 977 2033 artificio
997 1966 1235 2039 traducantur
1253 1963 1304 2060 ⁴).

141 2164 146 2170 μ
236 2083 297 2150 En
313 2083 480 2152 videmus
496 2083 617 2173 poesis
635 2082 855 2150 mamaticae
871 2083 1066 2172 originem,
1075 2107 1121 2150 ex
1137 2086 1210 2165 ima
1220 2095 1302 2151 tum

236 2199 369 2267 mentis
399 2197 581 2266 humanae
612 2209 693 2264 tum
720 2199 845 2288 poesis.
874 2206 997 2266 natam
1027 2209 1168 2267 natura.
1219 2200 1300 2268 Jam

182 2346 194 2363 ·
238 2339 353 2411 quum
368 2315 461 2385 nihil
479 2316 649 2404 omnino,
677 2314 777 2407 quod
794 2337 841 2383 ex
857 2315 1016 2407 quodam
1031 2316 1102 2385 alio
1122 2318 1300 2404 exoritur,
1313 2378 1319 2387 .

236 2436 359 2501 statim
378 2444 463 2522 post
487 2444 615 2498 natum
639 2442 714 2499 tam
747 2433 910 2520 ejusdem
941 2438 997 2501 'est
1028 2434 1222 2519 dissimile,
1260 2443 1305 2500 ut

235 2548 428 2641 utriusque
445 2544 657 2615 affinitatem
673 2547 966 2618 anirnadvertere
979 2572 1159 2641 nequeas,
1185 2548 1303 2617 intel·-

236 2665 381 2757 ligitur,
407 2668 539 2758 poesin
554 2665 792 2734 dramaticum
816 2666 991 2737 initio'ad
1014 2677 1154 2736 tantam
1176 2689 1304 2734 acces-

239 2784 330 2852 sisse
346 2784 469 2877 epicae
485 2784 783 2869 similitudinem,
810 2793 852 2851 ut
869 2784 946 2870 ejus
963 2782 1063 2873 quae
1075 2794 1171 2851 esset
1195 2794 1233 2852 et
1251 2783 1304 2850 il-

238 2899 308 2966 lius
325 2900 493 2989 cognatio
511 2899 651 2963 nemini
666 2919 744 2965 non
759 2897 886 2966 videre
901 2896 1020 2963 liceat
1069 2893 1192 2987 Atque
1211 2897 1306 2964 haec

241 2990 280 3083 in
301 3038 344 3084 eo
361 3014 521 3083 maxime
538 3024 596 3097 est
611 3014 828 3107 conspicua,
857 3012 954 3107 quod
967 3012 1168 3104 long-iores,
1194 3027 1304 3106 quam

241 3135 306 3225 qui
332 3132 487 3202 dramati
513 3132 658 3200 exculto
684 3133 932 3216 conveniunt,
974 3132 1093 3196 nectit
1112 3153 1305 3199 sermones

242 3243 364 3338 (quam
382 3248 639 3319 verbositatem
654 3248 837 3338 quandam
853 3246 993 3335 epicam
1004 3239 1191 3337 dicimus),
1206 3246 1307 3337 quod

240 3364 427 3457 personis,
451 3375 495 3453 ut
513 3374 568 3434 est
582 3364 621 3431 in
638 3366 743 3454 epico
760 3386 914 3456 genere,
940 3362 1066 3452 longas
1085 3375 1306 3454 ornatasque

242 3494 570 3575 rerumgestarum
591 3483 823 3550 narrationes
845 3480 995 3568 tribuit,
1023 3482 1123 3572 quod
1146 3482 1307 3573 denique

242 3601 430 3691 tragoedia
462 3599 509 3664 ad
535 3581 770 3665 artificiosam
803 3599 966 3686 partium
997 3597 1304 3686 compositionem

244 3756 450 3767 Ἣ

311 3834 339 3905 ⁴)
363 3834 558 3901 Discriminis‚
583 3836 661 3907 quod
680 3838 788 3910 epicam
806 3848 835 3893 ct
851 3838 1036 3894 dramaticam
1059 3840 1159 3911 poesin
1182 3840 1306 3893 interce-

244 3924 294 3990 dit,
312 3922 474 3997 exemplum
494 3920 672 3984 luculentum
688 3924 813 3990 videbis,
830 3926 854 3979 si
873 3923 1001 3979 Caledasi
1017 3925 1205 3989 Sacontalam,
1221 3924 1306 3979 fabu-

242 4010 320 4077 lam,
347 4028 414 4064 cum
432 4012 511 4082 spica
529 4007 654 4079 ejusdem
676 4008 743 4063 facti
766 4011 946 4066 enarratione
965 4009 1206 4065 Mababharatana
1223 4029 1306 4065 com-

243 4095 400 4170 paraveris.
