2959 4750
450 286 805 368 &w-

145 475 301 568 Restat‚'
329 487 371 550 ut
395 473 578 571 promisso
604 487 741 568 stetur,
772 477 873 572 qnod
897 479 937 549 in
962 479 1209 575 dispumtione

145 595 193 663 de
208 593 370 686 partium
385 594 529 664 fabulae
546 595 813 694 compositione
829 595 955 676 datum
969 607 1034 667 est.
1081 599 1208 687 Quum

147 709 246 778 enim
267 708 415 780 Chorus
441 711 603 780 carmine
628 710 760 781 melico
787 705 849 802 (V.
866 707 1107 805 405-445.)
1123 715 1207 784 .ho-

143 827 287 895 minum
328 825 495 896 dolorem
534 827 749 896 Promethei
786 826 894 901 causa
925 818 1143 921 susceptum
1171 841 1210 902 et

143 940 434 1010 misericordiam
459 939 670 1030 cecinisset,
709 929 777 1014 iile
798 943 935 1014 diserte
960 955 998 1014 et
1022 946 1209 1017 uberrime
1235 973 1241 982 ’

142 1067 240 1126 artes
263 1066 453 1145 enarrat,
511 1081 601 1150 quas
641 1080 759 1150 genus
798 1058 1003 1129 humanum
1044 1062 1211 1133 docuerit

144 1168 206 1263 (V.
226 1167 466 1265 uss-515.)
518 1173 641 1263 Quam
661 1175 904 1247 enarrationis
921 1186 960 1266 et
974 1176 1209 1247 iterationem

143 1287 376 1379 frequentem
392 1299 430 1360 et
449 1288 1091 1385 ubertatem,·supra-vituperatum,
1113 1287 1238 1386 pro-⁵

144 1413 272 1495 pterea
288 1415 437 1497 poetam
452 1407 643 1475 admisisse
660 1395 879 1498 persuasum
893 1406 1083 1498 hebernus,
1110 1409 1218 1502 quod,
1240 1415 1243 1418 ’

144 1519 189 1586 in·
216 1518 407 1590 beneficiis
443 1520 515 1591 illis
552 1530 589 1590 et
601 1542 759 1614 1=poeua.
774 1545 905 1593 eorum
925 1544 1046 1599 ‘causa
1074 1523 1211 1615 luenda

144 1623 259 1705 totius
277 1633 421 1706 fabrdae
443 1646 626 1734 punctum
650 1635 971 1733 scrutaterem,
995 1649 1036 1739 ,et
1060 1624 1209 1736 iP⁰⁰ti¹ss

143 1749 287 1842 toribus
320 1753 368 1822 ad
397 1740 626 1844 ξυμπᾶθειαν
649 1752 932 1824 commovendis
949 1751 1013 1822 illa
1035 1751 1119 1845 plus
1143 1747 1220 1829 se-.

144 1867 218 1934 mel
249 1869 442 1963 propinari
475 1877 513 1938 ct
544 1884 654 1962 posse
688 1875 739 1937 ct
768 1851 905 1938 debere
938 1869 1111 1960 opinatus
1143 1861 1239 1944 est-s

144 1978 277 2074 Itaque
307 1982 408 2074 quod
440 2000 517 2051 nou
542 1980 664 2052 multa
695 1980 737 2049 in
769 1980 839 2051 hac
869 1981 993 2078 fabula
1032 1993 1213 2082 aguntur,
1245 2010 1248 2018 ·

146 2096 346 2191 siquidem,
372 2107 416 2169 ut
434 2095 619 2168 schueuii
643 2095 940 2193 verbisutamur
963 2092 1096 2168 Aesch.
1123 2099 1221 2169 edit..
1325 2095 1327 2101 ’

145 2222 234 2283 tom.
250 2212 299 2284 ΙΙ.
331 2237 369 2308 p.
389 2233 492 2301 ran,
527 2234 570 2284 ea
601 2221 747 2284 tantum
778 2197 817 2283 in
844 2234 954 2286 scena
977 2213 1036 2313 agi
1059 2214 1217 2312 proprie.
1246 2246 1248 2249 ·

147 2328 265 2421 dicas,
309 2353 400 2423 quae
432 2329 564 2421 quibus
598 2329 715 2397 causis
750 2329 942 2417 eveniant,
984 2330 1060 2402 suis
1094 2331 1216 2425 ipsius
1244 2338 1250 2349 ”

146 2444 263 2513 oculis
288 2456 414 2517 cernat
438 2452 641 2538 spectator,
666 2465 745 2517 non
770 2467 818 2513 ex
843 2444 1000 2516 aliorum
1025 2443 1132 2524 dictis
1146 2430 1245 2521 in-J'
1383 2543 1385 2546 Ι

146 2558 305 2653 telligat,
330 2562 370 2631 id
394 2563 599 2655 primarum
623 2562 785 2653 partium
809 2562 1007 2656 gravitate,
1033 2561 1210 2656 dignitate
1246 2577 1250 2602 ’

149 2685 191 2767 et¹
212 2675 412 2752 eminentia
427 2696 674 2769 compensare
699 2698 852 2773 operam
875 2676 988 2766 dedit,
