2959 4750
591 336 847 423 „35”-

186 548 282 609 statu
317 536 426 632 digna
458 547 545 607 ante
576 535 715 607 abitum
748 559 856 607 suum
887 535 1070 630 loquitur,
1109 538 1175 609 sed
1206 551 1251 612 ut

182 655 227 724 ab
260 652 367 724 initio
401 652 454 720 ita
486 651 526 720 in
558 649 634 721 fine
665 651 855 746 colloquii,
896 675 1002 725 avem
1033 653 1248 748 quadrupe-

127 821 133 829 .
181 769 287 857 dem,
321 791 393 862 qua
417 766 585 857 vehitur,
621 779 886 841 commemorat
919 756 1072 864 eamque
1103 769 1144 838 in
1169 781 1249 840 sta-
1293 847 1300 853 ,

180 883 268 954 bulo
294 883 466 954 lubenter
497 883 748 978 requieturam
780 908 861 955 esse
892 897 1030 955 narrat.
1085 885 1246 957 Extem-

178 999 241 1096 plo
268 999 414 1072 devolat
443 998 514 1094 ¹per
543 1023 670 1071 aerem
695 1011 893 1094 cognatum
917 1000 1028 1071 deum
1060 999 1247 1095 deserens,

178 1138 289 1209 quem
326 1138 366 1185 se
397 1115 593 1187 certiorem
626 1117 667 1185 in
699 1139 751 1205 re¹
773 1117 930 1187 incerta
945 1114 1103 1186 amicum
1142 1130 1245 1186 nun*

178 1253 289 1325 quam
328 1233 568 1304 inventurum
616 1255 697 1304 esse
737 1257 822 1304 cum
867 1232 1000 1304 festiva
1043 1233 1245 1306 verborum

175 1371 312 1443 pompa
337 1347 435 1418 ultro
459 1349 689 1440 promiserat
741 1348 921 1421 Consulto
947 1358 1071 1419 autem
1090 1360 1129 1420 et
1148 1373 1244 1442 pru-

174 1464 268 1534 dens
300 1460 502 1557 Aeschylus
535 1453 677 1534 Oceani
708 1467 873 1534 animum
907 1476 984 1535 tam
1007 1450 1243 1556 imbecillum,
1257 1447 1272 1460 ⁵

175 1579 415 1648 fluctuantem
442 1590 480 1650 et
502 1581 678 1673 pusillum
701 1579 856 1651 finxisse
879 1579 1045 1670 videtur,
1077 1590 1121 1650 ut
1143 1581 1243 1650 Pro*

175 1693 345 1766 metheus
378 1715 463 1764 cum
495 1693 569 1765 hoc
604 1696 674 1765 deo
707 1707 939 1788 comparatus
970 1704 1073 1765 tanto
1104 1695 1244 1770 fortior

174 1822 212 1883 et
234 1813 507 1904 magnanimior
530 1811 798 1906 spectatoribus
823 1812 1056 1882 redderetur.
1228 1793 1232 1803 ¹

139 1924 147 1930 ’
272 1925 413 1996 Fabula
454 1927 669 2020 dignissimo
709 1949 986 2020 nervorumque
1026 1925 1241 2022 plenissimo
1296 1975 1299 1979 «

149 2052 375 2132 ‘coronatur
399 2041 486 2112 fine.
542 2042 639 2111 Nam
663 2065 780 2135 quum
805 2034 1014 2111 Mercurius
1040 2065 1124 2114 sues
1147 2066 1240 2137 par-

174 2169 236 2230 tes.
257 2157 391 2252 egisset
416 2159 509 2237 etis
537 2159 702 2252 quoque,
730 2179 808 2228 non
832 2157 939 2253 parvi
963 2139 1118 2242 honoris
1135 2157 1236 2250 deus,

173 2296 276 2345 suam
307 2273 390 2345 Jovi
421 2273 752 2373 obtemperantiam
780 2275 966 2368 animique
998 2266 1239 2346 mediocrita-

170 2401 248 2461 tem
273 2413 397 2461 coram
421 2390 644 2462 Prometheo
671 2388 911 2487 significando
944 2392 1056 2491 hujus
1089 2391 1238 2526 magni-

171 2506 340 2579 tudinem
366 2519 403 2578 et
426 2506 581 2602 gloriam
605 2508 832 2599 adnuisset,
869 2507 1013 2607 Jupiter
1047 2527 1136 2603 quas
1160 2501 1236 2578 nli-

173 2634 281 2693 natus
316 2635 395 2693 erat
424 2644 563 2719 poenas
598 2628 804 2721 exsequens
839 2626 952 2696 deum
983 2635 1236 2695 contumacem

171 2740 271 2811 inter
294 2738 478 2826 tonitrua,
503 2738 668 2843 fulgura,
695 2740 874 2831 procellas
898 2752 1093 2837 terraeque
1112 2750 1238 2811 motus
1343 2791 1349 2796 -

171 2856 212 2925 in
236 2866 374 2938 tartara
400 2852 574 2928 detrudit.
