2959 4750
756 809 938 878 DE·

250 1059 257 1072 ,
436 975 650 1072 ,nial
709 933 1205 1077 normandi

272 1235 288 1243 ,,
312 1139 367 1240 IN
397 1136 727 1228 'PROMETflEO
762 1146 961 1222 vinoso
994 1135 1263 1220 nxrnnsss.

252 1497 348 1616 Fati
372 1544 476 1614 notio
501 1544 601 1638 apud
618 1542 783 1614 Graecos
803 1567 852 1614 ex
867 1542 1059 1636 complexa
1071 1540 1234 1609 ‘deorum
1257 1533 1323 1602 hi-

228 1660 373 1736 -storia
398 1671 480 1732 orta
503 1671 570 1731 est.
620 1659 716 1730 Nam
742 1685 858 1753 quum
882 1684 979 1730 unus
999 1659 1089 1726 deus
1107 1657 1223 1725 altero
1238 1677 1321 1721 ma·
1378 1669 1382 1676 ’

254 1780 313 1869 jor
346 1798 388 1843 ao
419 1776 608 1867 potentior
641 1797 722 1844 esse
752 1775 976 1868 fingeretur,
1013 1797 1129 1865 quum
1162 1768 1323 1862 principi

252 1891 452 1962 inferiores
485 1891 538 1960 dii
564 1891 781 1983 obstrepere
806 1899 1048 1977 conarentur,
1084 1911 1155 1957 nec
1178 1887 1321 1978 primus

220 2025 221 2030 ’
253 2008 404 2102 quidem
431 2017 469 2076 et
492 2030 562 2077 rex
586 2008 741 2076 deorum
765 2006 940 2077 immunis
966 2018 1098 2078 esseta
1117 2003 1324 2074 defectione

176 2121 179 2130 ’
250 2125 478 2194 reliouorum
503 2123 725 2216 imperiique
753 2124 811 2192 sui
833 2123 1006 2211 interitu,
1033 2145 1148 2216 quum
1163 2117 1322 2209 deniqne

254 2239 300 2310 ad
333 2261 451 2308 unum
484 2257 611 2307 omnes
644 2240 685 2307 in
716 2238 775 2332 jus
801 2240 969 2311 divinum
995 2248 1034 2308 et
1057 2246 1200 2306 rectum
1225 2255 1322 2325 pro-

253 2355 416 2451 bumque
447 2364 597 2447 peccata
629 2358 923 2447 conmitterent,
961 2353 1046 2427 fieri
1078 2378 1156 2426 non
1187 2351 1322 2447 potuit,

253 2474 343 2565 quin
369 2472 477 2538 altius
503 2471 677 2561 quiddam
703 2484 742 2543 et
761 2474 951 2567 potentius
968 2474 1038 2541 diis
1054 2471 1224 2541 omnibus
1242 2493 1323 2539 esse

151 2569 153 2576 ¹
187 2604 192 2617 ’
253 2584 424 2659 homines
450 2585 714 2658 divinarentur.
774 2588 893 2660 Insita
925 2589 1026 2657 eninr
1052 2598 1090 2657 et
1112 2588 1240 2655 innata
1264 2595 1322 2654 est

253 2705 376 2775 animo
406 2703 571 2772 humano
603 2686 805 2795 sententia,
847 2728 919 2798 qua
953 2727 1096 2775 numen
1136 2691 1320 2797 quoddam

252 2820 466 2892 hominibus
499 2821 609 2913 longe
645 2823 847 2913 perfectius
873 2833 910 2891 et
935 2824 1094 2891 sanctius
1118 2845 1180 2890 res
1205 2840 1320 2888 mun-2

254 2938 366 3005 danas
401 2958 485 3003 cum
518 2946 699 3027 potestate
725 2947 763 3005 et
787 2937 967 3028 sapientia
989 2936 1175 3004 moderari
1198 2958 1319 3026 augu-

251 3062 367 3123 ratur.
436 3050 508 3120 Cui
533 3052 738 3121 sententiae
763 3076 878 3147 quum
910 3052 1141 3122 Graecorum
1165 3052 1219 3120 dii
1241 3072 1320 3120 non

252 3168 523 3256 satisfacerent,
549 3168 688 3237 factum
713 3179 787 3258 est,
818 3180 861 3256 ut
884 3193 1069 3237 summum
1094 3170 1225 3239 mundi
1246 3193 1321 3261 gu-

250 3281 489 3350 bernaculum
514 3281 671 3352 obscuro
698 3281 846 3374 quidem
869 3286 935 3353 sed
948 3285 1151 3377 potentiori
1174 3286 1320 3353 numini

251 3396 488 3469 tribueretur.
539 3396 595 3467 Ita
618 3396 753 3467 Fatum
771 3397 906 3470 Graeci
931 3402 1204 3494 excogitarunt,
1232 3426 1318 3470 om-

250 3535 317 3583 nes
352 3524 390 3583 et
423 3513 511 3583 deos
546 3528 583 3588 et
613 3516 785 3586 homines
818 3541 967 3611 regens,
1010 3519 1111 3611 quod
1143 3519 1254 3590 variis
1280 3528 1318 3586 et

251 3630 406 3704 diversis
430 3633 680 3729 Εἱμαρμένης,
707 3636 968 3731 Πεπρωμένης,
991 3631 1164 3728 Μοιρῶν,
1187 3628 1318 3731 Ἐριν-

320 3871 366 3939 22)
383 3868 426 3924 Cf.
445 3870 612 3925 Bloemneri
625 3857 738 3927 libellus
752 3871 901 3940 aureolus,
919 3872 1150 3927 observationum
1164 3881 1316 3945 praestan-

249 3955 325 4011 sium
347 3953 450 4027 plenus
474 3966 502 4011 et
517 3956 666 4011 sueveruii
692 3957 726 4013 de
750 3976 805 4012 usu
822 3957 886 4011 Fati
911 3958 942 4011 iu
958 3958 1111 4029 tragoediis
1126 3957 1251 4028 antiquis
1268 3958 1314 4010 di-

249 4040 375 4109 sputstio
392 4040 538 4113 ingeniosa
553 4038 629 4097 libro
647 4051 783 4097 contenta
802 4041 957 4115 Aeschylos
980 4043 1076 4098 Sieben
1091 4060 1180 4114 gagen
1200 4042 1314 4107 waben,

248 4125 422 4196 nn-n

1472 2551 1474 2602 t

1473 2711 1474 2748 i

1473 2831 1474 2874 t
