2959 4750
570 369 623 387 ....
672 336 824 414 65..-

162 531 339 631 propensi
365 537 508 621 essent,
537 527 737 600 maledictis
762 527 1042 622 perstringitur,
1076 528 1157 623 ipsc
1184 531 1226 601 in

163 674 310 726 scenam
332 671 409 718 non
432 646 557 740 prodit
580 669 622 716 ac
644 647 827 736 nescitur,
854 646 1163 740 quemadmodum
1183 649 1225 718 in

160 769 272 842 tertia
291 764 460 857 trilogiae
481 775 587 858 parte
609 786 689 834 sese
701 765 879 856 gesserit.
925 761 1115 856 Anonymi
1134 788 1225 835 sen-

157 884 323 954 tentiamv
334 881 471 952 refellit
488 878 692 952 Vclckerus
716 881 940 972 argumentis
958 893 1063 950 acute
1079 883 1226 975 quidem
1304 954 1308 975 ,

159 999 392 1094 excogitatis,
415 995 709 1093 adprobandum
729 1007 873 1089 tumen,
900 1008 943 1070 ut
964 999 1130 1092 videtur,
1153 1025 1225 1096 pa-

158 1141 243 1188 rum
266 1115 421 1187 idoneis.
1067 1175 1071 1180 .

230 1247 232 1252 '
258 1233 312 1303 Ut
331 1241 442 1324 poeta
461 1229 660 1323 impietatis
692 1233 848 1304 crimine
876 1245 1057 1328 purgetur
1085 1233 1224 1328 aliquid

157 1351 357 1444 adjungere
369 1357 493 1416 restat.
545 1346 715 1442 Namque
737 1350 770 1419 si
786 1352 926 1422 diceret
942 1354 1138 1446 quispiam,
1165 1376 1222 1444 eo,

157 1467 256 1563 quod
291 1465 537 1536 Prometheus
578 1466 820 1536 vehementer
859 1467 942 1536 Jovi
984 1470 1222 1560 convicietur,

156 1583 238 1655 fieri
259 1584 443 1676 potuisse,
466 1595 510 1652 ut
535 1592 759 1675 spectatores
776 1580 921 1652 fabulae
943 1583 989 1651 ad
1006 1586 1160 1655 eandem
1181 1589 1231 1656 iu«

153 1700 359 1772 infortunio
381 1693 549 1793 ἀσέβειαν
565 1698 855 1788 adducerentur,
876 1699 987 1791 idque
1003 1702 1035 1768 si
1049 1702 1111 1771 ille
1125 1727 1221 1795 poe-

155 1828 214 1888 tae
246 1818 448 1908 oPprobrio
476 1822 655 1902 verteret,
696 1813 839 1884 animus
868 1816 1114 1888 advertendus
1146 1832 1220 1912 est,

153 1932 419 2003 Prometheum
438 1935 551 2002 fuisse
567 1933 696 2017 deum,
720 1951 878 2024 eumque
899 1932 982 2004 Jovi
997 1956 1074 2001 non
1089 1935 1220 2006 iisdem

156 2049 287 2144 quibus
320 2047 490 2118 homines
522 2047 664 2140 legibus
698 2047 926 2118 obstrictum.
990 2046 1087 2118 Nam
1121 2052 1221 2144 quod

154 2164 361 2236 Velckerus
386 2163 410 2234 l.
427 2165 451 2233 l.
484 2188 521 2256 p.
539 2163 599 2252 69.
620 2187 696 2256 sqq.
728 2165 923 2256 proponit,
954 2165 1219 2239 Prometheum
1277 2177 1282 2189 '

154 2305 232 2352 non
263 2283 335 2351 nisi
366 2280 495 2352 fictum
526 2281 799 2374 cogitatumque
827 2280 943 2350 fuisse
973 2282 1101 2375 deum,
1140 2307 1219 2356 non

154 2423 243 2473 vero
269 2424 291 2469 a
307 2398 426 2492 'vulgo
449 2398 658 2490 adoratum,
691 2400 866 2493 quoniam
890 2399 988 2489 apud
1010 2400 1218 2475 Lucianum

152 2518 282 2587 Prom.¹
291 2515 395 2587 XIV.
421 2525 613 2608 queratur,
645 2516 716 2585 sibi
738 2515 918 2607 templum
940 2538 1018 2585 non
1039 2530 1154 2609 stare,
1178 2521 1218 2589 id

153 2632 336 2729 nequead
352 2630 511 2699 fabulam
532 2642 697 2699 nostram
719 2632 893 2722 applicari
914 2642 1055 2723 potest,
1081 2635 1219 2727 quippe
1293 2716 1297 2724 Ι

153 2752 197 2840 iu
217 2772 289 2842 qua
310 2747 394 2839 plus
418 2745 557 2814 centies
574 2754 611 2813 et
630 2745 719 2813 deus
736 2757 891 2815 vocetm
907 2756 945 2813 et
961 2747 1038 2838 ejus
1051 2750 1215 2821 relicuo-

151 2888 310 2959 rumque
333 2864 488 2933 deortun
515 2859 669 2931 affinitas
701 2873 1027 2954 commemoretur,
1055 2868 1129 2935 'nec
1148 2889 1218 2959 per

151 3007 191 3055 se
216 2984 419 3077 spectatum
449 3003 581 3053 verum
613 3002 767 3072 prorsus
800 2990 871 3069 est,
907 3005 1022 3074 quum
1055 2984 1165 3053 etiam
1195 3007 1218 3052 a

152 3097 334 3195 Sophocle
358 3096 452 3168 oed.
471 3096 548 3165 Cot
565 3094 612 3168 V.
629 3095 689 3165 55.
719 3088 810 3177 θεός
834 3088 1025 3193 πυρφόρος
1049 3098 1216 3191 compel-

147 3215 265 3308 letur,
290 3238 359 3285 nec
375 3213 534 3307 denique
550 3212 620 3283 alio
638 3213 791 3283 consilio
812 3237 834 3282 a
849 3211 1032 3285 Valckero
1053 3216 1214 3307 positum

151 3356 230 3404 esse
251 3332 418 3418 videtur,
458 3354 566 3420 quam
586 3341 630 3397 ut
650 3330 861 3417 inventum,
892 3330 1092 3420 significari
1113 3332 1220 3401 Pro-·

149 3442 291 3521 methei
318 3465 479 3539 persona
505 3452 668 3513 mentem
697 3444 851 3512 notione
875 3442 1041 3515 absoluta
1069 3447 1212 3537 cogita-

148 3578 231 3637 tum
270 3558 535 3657 aliquantulum
575 3556 877 3649 comprobaretur
913 3582 955 3627 ac
993 3560 1212 3631 muniretur.

147 3680 301 3754 Accedit
321 3679 451 3767 etiam,
475 3673 595 3769 quod,
619 3683 662 3743 ut
681 3673 757 3764 jam
780 3697 891 3767 supra
916 3676 1124 3768 expositum
1145 3688 1213 3767 est,

149 3800 191 3869 in
228 3798 339 3869 tertia
378 3794 545 3887 trilogiae
584 3800 690 3883 parte
730 3791 821 3861 deus
853 3790 1001 3865 rebellis
1036 3816 1223 3866 coronam.

145 3918 255 3989 istam
279 3912 508 4007 captivorum
531 3931 660 4001 gerere
679 3907 834 4001 cogitur.

251 4029 449 4101 corollarii
475 4026 558 4099 loco
592 4024 803 4117 adjiciatur,
839 4024 1103 4097 Promethetun
1129 4024 1222 4097 Ae-'‚

150 4147 343 4245 schyleum
378 4144 425 4217 ad
454 4143 613 4238 aliquam
644 4140 774 4214 Fausti
803 4139 1004 4214 Goethiani
1038 4142 1211 4219 accedere

980 4266 1004 4341 5
