2959 4750
466 348 474 381 i
661 339 918 420 ...ϋμ-

118 565 127 578 ·
256 534 546 610 similitudinem·
583 532 649 605 ¹Ut
673 533 773 602 euim
789 531 870 622 hic,
896 534 1011 626 quum
1033 529 1176 624 ingenii
1189 533 1329 608 robore

258 667 298 729 et
318 653 546 737 excellentia
561 651 608 720 ad
630 653 774 725 viscera
800 673 919 744 usque
942 649 1117 722 scientiae
1147 648 1329 723 humanae
1360 654 1367 684 ¹

257 783 506 868 penetrasset,
546 781 584 841 et
609 770 669 844 vel
694 793 739 840 eo
770 768 937 840 nondum
971 780 1181 839 contentus»
1200 769 1329 841 altiora

255 901 420 985 peteret,
453 912 562 982 quam
586 910 680 982 quae
707 885 922 957 hominibus
945 885 1174 958 mortalibus
1192 888 1330 983 aperiri

256 1007 316 1076 >sas
339 1017 436 1095 erat,
461 1029 645 1074 summum
667 1029 809 1076 numen
829 1005 952 1093 laesit,
981 1015 1019 1074 ct
1039 1004 1079 1072 in
1099 1007 1194 1076 mala
1209 1006 1329 1100 penti·⁸

261 1123 342 1193 fera
365 1145 446 1192 sese
468 1122 651 1215 implicuit
674 1123 773 1215 ipse,
797 1123 849 1191 ita
863 1119 1108 1191 Prometheus
1129 1123 1329 1215 prudentia

260 1241 488 1331 scientiaque
510 1241 646 1332 insigni
662 1239 826 1308 imbutus
843 1237 975 1306 iisdem
995 1237 1193 1308 seducitur.
1244 1237 1329 1307 Hoc

257 1367 385 1428 autem
399 1379 574 1446 magnum
590 1356 689 1424 inter
707 1377 771 1423 eos
785 1355 985 1425 intercedit
999 1354 1210 1444 discrimen,
1230 1351 1330 1446 quod

260 1473 325 1545 hic
358 1471 617 1543 benevolentia
650 1493 736 1562 erga
770 1493 885 1563 genus
916 1471 1140 1562 humanum,
1181 1469 1244 1540 ille
1272 1469 1330 1546 sui

261 1589 379 1683 ipsius
403 1611 530 1658 cincre
552 1590 592 1657 in
615 1586 856 1658 calamitatem
880 1588 1002 1660 irruit.
1041 1637 1045 1644 -

362 1704 544 1774 Nonnulli
574 1707 614 1774 in
647 1729 693 1773 eo
721 1704 1002 1793 laboraverunt,
1036 1716 1097 1794 ut,
1136 1706 1225 1799 quid
1251 1701 1331 1774 Ae*

262 1818 412 1913 schylus
428 1819 654 1889 Prometheo
677 1819 814 1889 docere
834 1821 1013 1911 loluerit,
1041 1821 1231 1914 explicare
1247 1831 1332 1891 stu·

263 1937 407 2008 derent.
458 1937 631 2027 Quorum
646 1936 813 2010 virorum
832 1939 1054 2028 sententiae,
1078 1937 1178 2010 inter
1200 1960 1241 2008 ec
1262 1959 1333 2010 ve*

260 2053 458 2124 'hementer
483 2053 649 2126 diversae
671 2054 838 2146 quamvis
859 2054 1057 2126 maximam
1078 2065 1333 2149 partem-pro·-

261 2181 392 2263 pterea
415 2169 528 2239 falsae
550 2172 644 2260 sint,
669 2171 769 2263 quod
790 2195 921 2242 earum
943 2183 1110 2242 auctores
1126 2194 1203 2240 non
1217 2171 1333 2240 totius

260 2287 451 2379 trilogiae‚
481 2297 626 2356 tanturn
648 2284 864 2357 Promethei
888 2289 1005 2362 vincti
1027 2298 1238 2381 respectum
1259 2283 1332 2354 ha·-

264 2404 417 2493 bebaut,
457 2414 581 2474 tamen
613 2403 704 2495 ipsis
737 2427 869 2474 eorum
896 2407 1023 2477 verbis
1046 2428 1093 2475 ex
1117 2388 1333 2473 Bluemueri

262 2521 360 2592 libro
409 2520 677 2589 describuntur.
752 2517 876 2611 Atque
912 2521 1118 2612 Br-umojus·
1152 2519 1193 2587 iu
1236 2517 1332 2587 libro

264 2639 399 2733 gallice
419 2636 648 2727 conscripto,
684 2636 744 2705 cui
768 2635 898 2705 titulus
924 2648 998 2707 est:
1050 2633 1242 2721 „Theatra
1260 2634 1333 2715 das

141 2737 142 2742 ¹
264 2755 418 2823 Grecs‘f
447 2752 546 2823 Edit.
569 2754 706 2825 noviss.
730 2752 840 2823 Tom.
864 2752 892 2822 Ι.
926 2777 961 2845 p.
988 2753 1072 2841 296.
1099 2800 1112 2807 „
1135 2747 1208 2841 „Io
1232 2749 1335 2822 sarai

264 2873 383 2955 tenid,
417 2868 554 2962 inquit,
594 2870 642 2937 dc
666 2868 805 2951 croire,
838 2890 908 2961 que
938 2870 973 2937 le
998 2872 1112 2963 sajet,
1149 2868 1334 2963 quincue

259 2987 390 3083 parcit
414 2996 670 3075 monstrueux,
697 2994 751 3055 est
778 3008 850 3055 una
875 2985 1052 3079 allegoria
1071 3008 1144 3056 sur
1168 2986 1223 3056 lea
1246 2984 1334 3075 reis,

263 3116 302 3174 et
321 3103 531 3199 peut-atre
562 3126 629 3173 sur
651 3102 795 3172 Xerxes
827 3126 877 3173 cu
901 3102 1090 3175 Darium
1147 3101 1333 3197 Harpius,

265 3222 368 3289 homo
393 3215 685 3309 Francogallus,
722 3229 884 3287 ceterum
915 3219 1065 3310 elegans
1090 3220 1184 3290 libro
1209 3220 1335 3314 Lycde

262 3358 314 3404 ‚cu
332 3334 449 3405 Conrs
472 3334 520 3405 de
538 3334 773 3410 Litterature
801 3332 900 3405 Tem.
914 3336 946 3404 I.
967 3357 1011 3431 p.
1027 3338 1111 3409 aas.
1163 3336 1252 3425 „Le
1265 3361 1334 3407 su-

95 3521 100 3527 .
219 3445 222 3452 ’
255 3455 316 3553 jet
348 3455 396 3524 de
426 3453 647 3525 Promethea
678 3462 734 3524 est
761 3464 1011 3525 monstrueuae.
1069 3454 1219 3552 Jupiter
1247 3466 1335 3527 vent

257 3574 376 3667 punit·
406 3574 642 3659 Promethea,
682 3597 728 3641 cn
760 3594 806 3641 ne
837 3573 912 3643 scit
945 3574 1132 3668 pourquoi
1138 3614 1148 3654 1,
1187 3571 1335 3644 d'avclr'·

264 3690 400 3760 caroea
432 3692 468 3759 la
490 3694 567 3783 feu
598 3692 651 3759 du
684 3686 775 3770 ciel,
815 3698 851 3755 et
885 3686 1029 3759 d'avcir
1061 3690 1232 3784 enseigna
1255 3712 1333 3761 aux

217 3860 220 3866 .
264 3803 425 3875 hommes
450 3818 532 3877 tous
556 3808 610 3876 les
633 3818 723 3877 aris.
746 3844 800 3859 --
826 3806 913 3877 Cala
938 3830 985 3875 ne
1003 3818 1097 3901 peut
1115 3830 1192 3903 pas
1213 3806 1333 3878 meme

174 3947 177 3953 ·
264 3920 449 4017 s’appeler
474 3950 546 3997 une
570 3924 780 4019 tragedief‘
830 3926 995 3998 Gravina
1016 3928 1056 3995 iu
1081 3950 1194 4021 opere
1210 3926 1336 3997 italice

266 4046 496 4138 conscripto,
522 4046 583 4113 cui
595 4045 725 4116 titulus
740 4055 811 4115 est:
842 4042 983 4115 'Delta
1005 4042 1160 4137 ragione
1178 4042 1330 4139 poetica

263 4177 301 4249 p-
319 4160 375 4244 74·
424 4158 536 4245 „Nel
546 4162 743 4235 Prometeo
763 4162 939 4234 deseri-me
956 4160 1046 4233 tutti
1064 4162 1079 4231 i
1098 4158 1329 4233 sentimentie
