<?xml version="1.0" encoding="UTF-8"?>
<!DOCTYPE html PUBLIC "-//W3C//DTD XHTML 1.0 Transitional//EN"
    "http://www.w3.org/TR/xhtml1/DTD/xhtml1-transitional.dtd">
<html xmlns="http://www.w3.org/1999/xhtml" xml:lang="en" lang="en">
 <head>
  <title>
</title>
<meta http-equiv="Content-Type" content="text/html;charset=utf-8" />
  <meta name='ocr-system' content='tesseract 3.04.00' />
  <meta name='ocr-capabilities' content='ocr_page ocr_carea ocr_par ocr_line ocrx_word'/>
</head>
<body>
  <div class='ocr_page' id='page_1' title='image "./commentatiodeae00aescgoog_0057.png"; bbox 0 0 2959 4750; ppageno 0'>
   <div class='ocr_carea' id='block_1_1' title="bbox 605 285 859 358">
    <p class='ocr_par' dir='ltr' id='par_1_1' title="bbox 605 285 859 358">
     <span class='ocr_line' id='line_1_1' title="bbox 605 285 859 358; baseline -0.008 1"><span class='ocrx_word' id='word_1_1' title='bbox 605 285 859 358; x_wconf 43' lang='lat' dir='ltr'><strong>ess*</strong></span> 
     </span>
    </p>
   </div>
   <div class='ocr_carea' id='block_1_2' title="bbox 75 459 1283 3354">
    <p class='ocr_par' dir='ltr' id='par_1_2' title="bbox 75 459 1283 3354">
     <span class='ocr_line' id='line_1_2' title="bbox 196 459 1263 570; baseline 0.004 -26"><span class='ocrx_word' id='word_1_2' title='bbox 196 475 267 544; x_wconf 75' lang='lat' dir='ltr'><strong>uso</strong></span> <span class='ocrx_word' id='word_1_3' title='bbox 292 459 524 568; x_wconf 71' lang='lat' dir='ltr'><strong>patientiae</strong></span> <span class='ocrx_word' id='word_1_4' title='bbox 540 469 670 542; x_wconf 89' lang='lat' dir='ltr'><strong>rebelli</strong></span> <span class='ocrx_word' id='word_1_5' title='bbox 694 473 834 565; x_wconf 78' lang='lat' dir='ltr'><strong>primes</strong></span> <span class='ocrx_word' id='word_1_6' title='bbox 864 468 1010 546; x_wconf 76' lang='lat' dir='ltr'><strong>fabulae</strong></span> <span class='ocrx_word' id='word_1_7' title='bbox 1040 487 1165 570; x_wconf 77' lang='lat' dir='ltr'><strong>partes</strong></span> <span class='ocrx_word' id='word_1_8' title='bbox 1197 497 1263 548; x_wconf 59' lang='lat' dir='ltr'><strong>oss-¹</strong></span> 
     </span>
     <span class='ocr_line' id='line_1_3' title="bbox 194 588 1262 685; baseline 0.003 -24"><span class='ocrx_word' id='word_1_9' title='bbox 194 591 369 684; x_wconf 84' lang='lat' dir='ltr'><strong>signavit,</strong></span> <span class='ocrx_word' id='word_1_10' title='bbox 403 588 511 662; x_wconf 79' lang='lat' dir='ltr'><strong>novis</strong></span> <span class='ocrx_word' id='word_1_11' title='bbox 544 612 585 660; x_wconf 85' lang='lat' dir='ltr'><strong>se</strong></span> <span class='ocrx_word' id='word_1_12' title='bbox 610 588 793 683; x_wconf 81' lang='lat' dir='ltr'><strong>implicuit</strong></span> <span class='ocrx_word' id='word_1_13' title='bbox 817 588 1101 664; x_wconf 79' lang='lat' dir='ltr'><strong>difficultatibus.</strong></span> <span class='ocrx_word' id='word_1_14' title='bbox 1158 593 1262 685; x_wconf 87' lang='lat' dir='ltr'><strong>Quid</strong></span> 
     </span>
     <span class='ocr_line' id='line_1_4' title="bbox 193 703 1260 802; baseline 0.001 -25"><span class='ocrx_word' id='word_1_15' title='bbox 193 708 313 796; x_wconf 86' lang='lat' dir='ltr'><strong>enim,</strong></span> <span class='ocrx_word' id='word_1_16' title='bbox 340 704 486 801; x_wconf 77' lang='lat' dir='ltr'><strong>qualem</strong></span> <span class='ocrx_word' id='word_1_17' title='bbox 510 703 620 799; x_wconf 87' lang='lat' dir='ltr'><strong>hujus</strong></span> <span class='ocrx_word' id='word_1_18' title='bbox 645 708 810 786; x_wconf 81' lang='lat' dir='ltr'><strong>animum</strong></span> <span class='ocrx_word' id='word_1_19' title='bbox 833 707 1009 782; x_wconf 83' lang='lat' dir='ltr'><strong>adversus</strong></span> <span class='ocrx_word' id='word_1_20' title='bbox 1025 709 1180 780; x_wconf 88' lang='lat' dir='ltr'><strong>deorum</strong></span> <span class='ocrx_word' id='word_1_21' title='bbox 1195 720 1260 802; x_wconf 80' lang='lat' dir='ltr'><strong>ty-</strong></span> 
     </span>
     <span class='ocr_line' id='line_1_5' title="bbox 193 809 1260 920; baseline 0.002 -27"><span class='ocrx_word' id='word_1_22' title='bbox 193 844 371 915; x_wconf 84' lang='lat' dir='ltr'><strong>rannum,</strong></span> <span class='ocrx_word' id='word_1_23' title='bbox 410 821 475 915; x_wconf 86' lang='lat' dir='ltr'><strong>qui</strong></span> <span class='ocrx_word' id='word_1_24' title='bbox 499 831 557 894; x_wconf 86' lang='lat' dir='ltr'><strong>tot</strong></span> <span class='ocrx_word' id='word_1_25' title='bbox 581 821 686 894; x_wconf 81' lang='lat' dir='ltr'><strong>mulis</strong></span> <span class='ocrx_word' id='word_1_26' title='bbox 709 848 799 895; x_wconf 87' lang='lat' dir='ltr'><strong>eum</strong></span> <span class='ocrx_word' id='word_1_27' title='bbox 823 809 1020 916; x_wconf 73' lang='lat' dir='ltr'><strong>affecisset,</strong></span> <span class='ocrx_word' id='word_1_28' title='bbox 1053 824 1195 920; x_wconf 85' lang='lat' dir='ltr'><strong>fingere</strong></span> <span class='ocrx_word' id='word_1_29' title='bbox 1222 837 1260 895; x_wconf 91' lang='lat' dir='ltr'><strong>et</strong></span> 
     </span>
     <span class='ocr_line' id='line_1_6' title="bbox 189 932 1260 1044; baseline 0.001 -36"><span class='ocrx_word' id='word_1_30' title='bbox 189 939 312 1044; x_wconf 77' lang='lat' dir='ltr'><strong>potuit</strong></span> <span class='ocrx_word' id='word_1_31' title='bbox 336 950 374 1011; x_wconf 88' lang='lat' dir='ltr'><strong>et</strong></span> <span class='ocrx_word' id='word_1_32' title='bbox 399 932 553 1008; x_wconf 82' lang='lat' dir='ltr'><strong>debuit?</strong></span> <span class='ocrx_word' id='word_1_33' title='bbox 602 940 724 1032; x_wconf 85' lang='lat' dir='ltr'><strong>Quid,</strong></span> <span class='ocrx_word' id='word_1_34' title='bbox 751 940 784 1010; x_wconf 92' lang='lat' dir='ltr'><strong>si</strong></span> <span class='ocrx_word' id='word_1_35' title='bbox 808 965 830 1011; x_wconf 83' lang='lat' dir='ltr'><strong>a</strong></span> <span class='ocrx_word' id='word_1_36' title='bbox 854 942 1069 1014; x_wconf 82' lang='lat' dir='ltr'><strong>Promethei</strong></span> <span class='ocrx_word' id='word_1_37' title='bbox 1092 940 1260 1036; x_wconf 81' lang='lat' dir='ltr'><strong>partibus</strong></span> 
     </span>
     <span class='ocr_line' id='line_1_7' title="bbox 190 1053 1260 1151; baseline -0.002 -26"><span class='ocrx_word' id='word_1_38' title='bbox 190 1055 326 1145; x_wconf 80' lang='lat' dir='ltr'><strong>stabat,</strong></span> <span class='ocrx_word' id='word_1_39' title='bbox 349 1054 457 1125; x_wconf 83' lang='lat' dir='ltr'><strong>laesit</strong></span> <span class='ocrx_word' id='word_1_40' title='bbox 481 1053 598 1146; x_wconf 84' lang='lat' dir='ltr'><strong>aliud,</strong></span> <span class='ocrx_word' id='word_1_41' title='bbox 625 1080 735 1151; x_wconf 79' lang='lat' dir='ltr'><strong>quam</strong></span> <span class='ocrx_word' id='word_1_42' title='bbox 759 1057 861 1131; x_wconf 79' lang='lat' dir='ltr'><strong>Jovis</strong></span> <span class='ocrx_word' id='word_1_43' title='bbox 884 1057 1112 1150; x_wconf 79' lang='lat' dir='ltr'><strong>majestatem</strong></span> <span class='ocrx_word' id='word_1_44' title='bbox 1129 1067 1167 1126; x_wconf 90' lang='lat' dir='ltr'><strong>et</strong></span> <span class='ocrx_word' id='word_1_45' title='bbox 1184 1076 1260 1124; x_wconf 81' lang='lat' dir='ltr'><strong>uuo</strong></span> 
     </span>
     <span class='ocr_line' id='line_1_8' title="bbox 189 1168 1261 1266; baseline 0.001 -26"><span class='ocrx_word' id='word_1_46' title='bbox 189 1193 274 1240; x_wconf 90' lang='lat' dir='ltr'><strong>cum</strong></span> <span class='ocrx_word' id='word_1_47' title='bbox 298 1193 341 1240; x_wconf 82' lang='lat' dir='ltr'><strong>ea</strong></span> <span class='ocrx_word' id='word_1_48' title='bbox 362 1168 610 1265; x_wconf 80' lang='lat' dir='ltr'><strong>religionem?</strong></span> <span class='ocrx_word' id='word_1_49' title='bbox 646 1173 755 1266; x_wconf 85' lang='lat' dir='ltr'><strong>quid,</strong></span> <span class='ocrx_word' id='word_1_50' title='bbox 780 1174 814 1245; x_wconf 87' lang='lat' dir='ltr'><strong>si</strong></span> <span class='ocrx_word' id='word_1_51' title='bbox 838 1188 923 1247; x_wconf 84' lang='lat' dir='ltr'><strong>cum</strong></span> <span class='ocrx_word' id='word_1_52' title='bbox 940 1172 1013 1243; x_wconf 88' lang='lat' dir='ltr'><strong>hoc</strong></span> <span class='ocrx_word' id='word_1_53' title='bbox 1028 1173 1166 1246; x_wconf 84' lang='lat' dir='ltr'><strong>faciens</strong></span> <span class='ocrx_word' id='word_1_54' title='bbox 1181 1170 1261 1242; x_wconf 51' lang='lat' dir='ltr'><strong>hu-&#39;s</strong></span> 
     </span>
     <span class='ocr_line' id='line_1_9' title="bbox 188 1279 1260 1388; baseline 0.001 -32"><span class='ocrx_word' id='word_1_55' title='bbox 188 1286 289 1356; x_wconf 85' lang='lat' dir='ltr'><strong>muni</strong></span> <span class='ocrx_word' id='word_1_56' title='bbox 321 1287 467 1380; x_wconf 87' lang='lat' dir='ltr'><strong>generis</strong></span> <span class='ocrx_word' id='word_1_57' title='bbox 500 1279 690 1388; x_wconf 72' lang='grc' dir='ltr'><em>εὐεργέτην</em></span> <span class='ocrx_word' id='word_1_58' title='bbox 718 1313 876 1383; x_wconf 78' lang='lat' dir='ltr'><strong>pratum</strong></span> <span class='ocrx_word' id='word_1_59' title='bbox 902 1289 1070 1362; x_wconf 81' lang='lat' dir='ltr'><strong>exhibuit</strong></span> <span class='ocrx_word' id='word_1_60' title='bbox 1093 1299 1132 1358; x_wconf 89' lang='lat' dir='ltr'><strong>et</strong></span> <span class='ocrx_word' id='word_1_61' title='bbox 1153 1288 1260 1380; x_wconf 78' lang='lat' dir='ltr'><strong>inju-</strong></span> 
     </span>
     <span class='ocr_line' id='line_1_10' title="bbox 188 1403 1260 1501; baseline 0.002 -27"><span class='ocrx_word' id='word_1_62' title='bbox 188 1415 305 1494; x_wconf 86' lang='lat' dir='ltr'><strong>stum,</strong></span> <span class='ocrx_word' id='word_1_63' title='bbox 338 1403 438 1473; x_wconf 87' lang='lat' dir='ltr'><strong>aliud</strong></span> <span class='ocrx_word' id='word_1_64' title='bbox 462 1404 536 1474; x_wconf 86' lang='lat' dir='ltr'><strong>nisi</strong></span> <span class='ocrx_word' id='word_1_65' title='bbox 568 1407 664 1497; x_wconf 83' lang='lat' dir='ltr'><strong>groti</strong></span> <span class='ocrx_word' id='word_1_66' title='bbox 696 1407 810 1501; x_wconf 81' lang='lat' dir='ltr'><strong>animi</strong></span> <span class='ocrx_word' id='word_1_67' title='bbox 841 1408 1023 1500; x_wconf 83' lang='lat' dir='ltr'><strong>jucundos</strong></span> <span class='ocrx_word' id='word_1_68' title='bbox 1054 1403 1260 1497; x_wconf 87' lang='lat' dir='ltr'><strong>mollesque</strong></span> 
     </span>
     <span class='ocr_line' id='line_1_11' title="bbox 187 1515 1257 1614; baseline -0.001 -24"><span class='ocrx_word' id='word_1_69' title='bbox 187 1516 343 1591; x_wconf 84' lang='lat' dir='ltr'><strong>sensus?</strong></span> <span class='ocrx_word' id='word_1_70' title='bbox 393 1515 444 1591; x_wconf 86' lang='lat' dir='ltr'><strong>At</strong></span> <span class='ocrx_word' id='word_1_71' title='bbox 467 1519 526 1590; x_wconf 87' lang='lat' dir='ltr'><strong>his</strong></span> <span class='ocrx_word' id='word_1_72' title='bbox 552 1518 728 1590; x_wconf 87' lang='lat' dir='ltr'><strong>maluisse</strong></span> <span class='ocrx_word' id='word_1_73' title='bbox 752 1543 863 1614; x_wconf 86' lang='lat' dir='ltr'><strong>quam</strong></span> <span class='ocrx_word' id='word_1_74' title='bbox 879 1521 933 1594; x_wconf 90' lang='lat' dir='ltr'><strong>illi</strong></span> <span class='ocrx_word' id='word_1_75' title='bbox 949 1520 1110 1597; x_wconf 82' lang='lat' dir='ltr'><strong>blandiri</strong></span> <span class='ocrx_word' id='word_1_76' title='bbox 1133 1521 1257 1612; x_wconf 85' lang='lat' dir='ltr'><strong>primo</strong></span> 
     </span>
     <span class='ocr_line' id='line_1_12' title="bbox 188 1631 1256 1731; baseline -0.003 -23"><span class='ocrx_word' id='word_1_77' title='bbox 188 1647 288 1708; x_wconf 88' lang='lat' dir='ltr'><strong>certe</strong></span> <span class='ocrx_word' id='word_1_78' title='bbox 313 1635 445 1707; x_wconf 83' lang='lat' dir='ltr'><strong>obtutu</strong></span> <span class='ocrx_word' id='word_1_79' title='bbox 468 1631 628 1709; x_wconf 79' lang='lat' dir='ltr'><strong>ridetur.</strong></span> <span class='ocrx_word' id='word_1_80' title='bbox 678 1635 777 1706; x_wconf 85' lang='lat' dir='ltr'><strong>Nam</strong></span> <span class='ocrx_word' id='word_1_81' title='bbox 801 1647 845 1708; x_wconf 91' lang='lat' dir='ltr'><strong>nt</strong></span> <span class='ocrx_word' id='word_1_82' title='bbox 869 1635 1139 1731; x_wconf 77' lang='lat' dir='ltr'><strong>praetereundo</strong></span> <span class='ocrx_word' id='word_1_83' title='bbox 1164 1659 1256 1729; x_wconf 88' lang='lat' dir='ltr'><strong>per-</strong></span> 
     </span>
     <span class='ocr_line' id='line_1_13' title="bbox 187 1751 1283 1846; baseline -0.002 -22"><span class='ocrx_word' id='word_1_84' title='bbox 187 1754 434 1846; x_wconf 78' lang='lat' dir='ltr'><strong>stringuntur,</strong></span> <span class='ocrx_word' id='word_1_85' title='bbox 472 1775 567 1846; x_wconf 84' lang='lat' dir='ltr'><strong>quae</strong></span> <span class='ocrx_word' id='word_1_86' title='bbox 590 1752 838 1824; x_wconf 78' lang='lat' dir='ltr'><strong>Prometheus</strong></span> <span class='ocrx_word' id='word_1_87' title='bbox 870 1754 950 1846; x_wconf 89' lang='lat' dir='ltr'><strong>ipse</strong></span> <span class='ocrx_word' id='word_1_88' title='bbox 974 1763 1103 1830; x_wconf 76' lang='lat' dir='ltr'><strong>contre</strong></span> <span class='ocrx_word' id='word_1_89' title='bbox 1126 1751 1283 1824; x_wconf 86' lang='lat' dir='ltr'><strong>Jovem&#39;</strong></span> 
     </span>
     <span class='ocr_line' id='line_1_14' title="bbox 187 1866 1258 1962; baseline 0 -25"><span class='ocrx_word' id='word_1_90' title='bbox 187 1866 434 1958; x_wconf 69' lang='lat' dir='ltr'><strong>vociferetur,</strong></span> <span class='ocrx_word' id='word_1_91' title='bbox 459 1893 552 1962; x_wconf 80' lang='lat' dir='ltr'><strong>quae</strong></span> <span class='ocrx_word' id='word_1_92' title='bbox 576 1871 623 1939; x_wconf 91' lang='lat' dir='ltr'><strong>de</strong></span> <span class='ocrx_word' id='word_1_93' title='bbox 646 1867 868 1960; x_wconf 78' lang='lat' dir='ltr'><strong>implacabili</strong></span> <span class='ocrx_word' id='word_1_94' title='bbox 891 1868 970 1962; x_wconf 87' lang='lat' dir='ltr'><strong>ejus</strong></span> <span class='ocrx_word' id='word_1_95' title='bbox 992 1879 1034 1944; x_wconf 73' lang='lat' dir='ltr'><strong>,et</strong></span> <span class='ocrx_word' id='word_1_96' title='bbox 1050 1870 1258 1950; x_wconf 80' lang='lat' dir='ltr'><strong>contumaci</strong></span> 
     </span>
     <span class='ocr_line' id='line_1_15' title="bbox 186 1981 1258 2078; baseline -0.003 -23"><span class='ocrx_word' id='word_1_97' title='bbox 186 1984 310 2056; x_wconf 74' lang='lat' dir='ltr'><strong>animo</strong></span> <span class='ocrx_word' id='word_1_98' title='bbox 335 1981 525 2056; x_wconf 78' lang='lat' dir='ltr'><strong>Vulcanus</strong></span> <span class='ocrx_word' id='word_1_99' title='bbox 560 1994 599 2053; x_wconf 85' lang='lat' dir='ltr'><strong>et</strong></span> <span class='ocrx_word' id='word_1_100' title='bbox 630 1982 879 2066; x_wconf 17' lang='lat' dir='ltr'><strong>Oceanitides,</strong></span> <span class='ocrx_word' id='word_1_101' title='bbox 899 1984 1130 2076; x_wconf 58' lang='lat' dir='ltr'><strong>loquuntur,</strong></span> <span class='ocrx_word' id='word_1_102' title='bbox 1164 2002 1258 2078; x_wconf 75' lang='lat' dir='ltr'><strong>quae</strong></span> 
     </span>
     <span class='ocr_line' id='line_1_16' title="bbox 186 2098 1257 2195; baseline -0.003 -23"><span class='ocrx_word' id='word_1_103' title='bbox 186 2101 346 2193; x_wconf 87' lang='lat' dir='ltr'><strong>denique</strong></span> <span class='ocrx_word' id='word_1_104' title='bbox 368 2099 412 2170; x_wconf 93' lang='lat' dir='ltr'><strong>Io</strong></span> <span class='ocrx_word' id='word_1_105' title='bbox 437 2099 485 2169; x_wconf 89' lang='lat' dir='ltr'><strong>de</strong></span> <span class='ocrx_word' id='word_1_106' title='bbox 510 2098 591 2168; x_wconf 83' lang='lat' dir='ltr'><strong>dira</strong></span> <span class='ocrx_word' id='word_1_107' title='bbox 605 2098 707 2172; x_wconf 82' lang='lat' dir='ltr'><strong>lovis</strong></span> <span class='ocrx_word' id='word_1_108' title='bbox 734 2100 904 2193; x_wconf 87' lang='lat' dir='ltr'><strong>queritur</strong></span> <span class='ocrx_word' id='word_1_109' title='bbox 929 2099 1164 2185; x_wconf 79' lang='lat' dir='ltr'><strong>crudelitate,</strong></span> <span class='ocrx_word' id='word_1_110' title='bbox 1189 2109 1257 2195; x_wconf 39' lang='lat' dir='ltr'><strong>to-‚</strong></span> 
     </span>
     <span class='ocr_line' id='line_1_17' title="bbox 182 2215 1254 2308; baseline -0.007 -17"><span class='ocrx_word' id='word_1_111' title='bbox 182 2231 265 2291; x_wconf 88' lang='lat' dir='ltr'><strong>tum</strong></span> <span class='ocrx_word' id='word_1_112' title='bbox 296 2215 442 2289; x_wconf 80' lang='lat' dir='ltr'><strong>fabulae</strong></span> <span class='ocrx_word' id='word_1_113' title='bbox 474 2227 750 2308; x_wconf 78' lang='lat' dir='ltr'><strong>argumentum,</strong></span> <span class='ocrx_word' id='word_1_114' title='bbox 777 2215 894 2287; x_wconf 71' lang='lat' dir='ltr'><strong>‘hunc</strong></span> <span class='ocrx_word' id='word_1_115' title='bbox 919 2217 1031 2286; x_wconf 88' lang='lat' dir='ltr'><strong>deum</strong></span> <span class='ocrx_word' id='word_1_116' title='bbox 1054 2228 1093 2288; x_wconf 87' lang='lat' dir='ltr'><strong>et</strong></span> <span class='ocrx_word' id='word_1_117' title='bbox 1117 2215 1254 2287; x_wconf 86' lang='lat' dir='ltr'><strong>crude-</strong></span> 
     </span>
     <span class='ocr_line' id='line_1_18' title="bbox 183 2332 1255 2427; baseline -0.005 -21"><span class='ocrx_word' id='word_1_118' title='bbox 183 2333 259 2406; x_wconf 91' lang='lat' dir='ltr'><strong>lem</strong></span> <span class='ocrx_word' id='word_1_119' title='bbox 292 2343 330 2405; x_wconf 87' lang='lat' dir='ltr'><strong>et</strong></span> <span class='ocrx_word' id='word_1_120' title='bbox 360 2335 548 2427; x_wconf 79' lang='lat' dir='ltr'><strong>ingratum</strong></span> <span class='ocrx_word' id='word_1_121' title='bbox 582 2343 620 2416; x_wconf 84' lang='lat' dir='ltr'><strong>et</strong></span> <span class='ocrx_word' id='word_1_122' title='bbox 651 2332 845 2425; x_wconf 80' lang='lat' dir='ltr'><strong>injustum</strong></span> <span class='ocrx_word' id='word_1_123' title='bbox 867 2356 948 2404; x_wconf 91' lang='lat' dir='ltr'><strong>esse</strong></span> <span class='ocrx_word' id='word_1_124' title='bbox 979 2334 1141 2427; x_wconf 87' lang='lat' dir='ltr'><strong>speciem</strong></span> <span class='ocrx_word' id='word_1_125' title='bbox 1164 2354 1255 2426; x_wconf 84' lang='lat' dir='ltr'><strong>prae</strong></span> 
     </span>
     <span class='ocr_line' id='line_1_19' title="bbox 184 2448 1254 2544; baseline -0.007 -19"><span class='ocrx_word' id='word_1_126' title='bbox 184 2458 224 2525; x_wconf 86' lang='lat' dir='ltr'><strong>se&#39;</strong></span> <span class='ocrx_word' id='word_1_127' title='bbox 248 2452 323 2521; x_wconf 80' lang='lat' dir='ltr'><strong>fert</strong></span> <span class='ocrx_word' id='word_1_128' title='bbox 355 2458 666 2544; x_wconf 80' lang='lat' dir='ltr'><strong>commonstrare3</strong></span> <span class='ocrx_word' id='word_1_129' title='bbox 700 2449 917 2541; x_wconf 80' lang='lat' dir='ltr'><strong>crudelem,</strong></span> <span class='ocrx_word' id='word_1_130' title='bbox 952 2449 1126 2544; x_wconf 82' lang='lat' dir='ltr'><strong>quoniam</strong></span> <span class='ocrx_word' id='word_1_131' title='bbox 1153 2448 1254 2519; x_wconf 90' lang='lat' dir='ltr'><strong>Pro-</strong></span> 
     </span>
     <span class='ocr_line' id='line_1_20' title="bbox 183 2567 1254 2663; baseline -0.005 -23"><span class='ocrx_word' id='word_1_132' title='bbox 183 2568 371 2640; x_wconf 87' lang='lat' dir='ltr'><strong>metheum</strong></span> <span class='ocrx_word' id='word_1_133' title='bbox 387 2567 580 2638; x_wconf 87' lang='lat' dir='ltr'><strong>dirissimis</strong></span> <span class='ocrx_word' id='word_1_134' title='bbox 605 2567 736 2662; x_wconf 89' lang='lat' dir='ltr'><strong>poenis</strong></span> <span class='ocrx_word' id='word_1_135' title='bbox 762 2567 902 2657; x_wconf 74' lang='lat' dir='ltr'><strong>affecit,</strong></span> <span class='ocrx_word' id='word_1_136' title='bbox 927 2569 1130 2663; x_wconf 85' lang='lat' dir='ltr'><strong>ingratum,</strong></span> <span class='ocrx_word' id='word_1_137' title='bbox 1156 2588 1254 2658; x_wconf 85' lang='lat' dir='ltr'><strong>quo-</strong></span> 
     </span>
     <span class='ocr_line' id='line_1_21' title="bbox 183 2670 1257 2777; baseline -0.006 -22"><span class='ocrx_word' id='word_1_138' title='bbox 183 2687 284 2755; x_wconf 84' lang='lat' dir='ltr'><strong>niam</strong></span> <span class='ocrx_word' id='word_1_139' title='bbox 308 2684 505 2753; x_wconf 89' lang='lat' dir='ltr'><strong>immemor</strong></span> <span class='ocrx_word' id='word_1_140' title='bbox 530 2691 588 2751; x_wconf 84' lang='lat' dir='ltr'><strong>est</strong></span> <span class='ocrx_word' id='word_1_141' title='bbox 617 2680 902 2772; x_wconf 88' lang='lat' dir='ltr'><strong>beneficiorum,</strong></span> <span class='ocrx_word' id='word_1_142' title='bbox 944 2683 1076 2777; x_wconf 86' lang='lat' dir='ltr'><strong>quibus</strong></span> <span class='ocrx_word' id='word_1_143' title='bbox 1109 2681 1154 2750; x_wconf 83' lang='lat' dir='ltr'><strong>ab</strong></span> <span class='ocrx_word' id='word_1_144' title='bbox 1187 2670 1257 2749; x_wconf 68' lang='grc' dir='ltr'><strong>ἱΙΙό</strong></span> 
     </span>
     <span class='ocr_line' id='line_1_22' title="bbox 184 2796 1252 2891; baseline -0.004 -19"><span class='ocrx_word' id='word_1_145' title='bbox 184 2800 389 2891; x_wconf 84' lang='lat' dir='ltr'><strong>cumulatus</strong></span> <span class='ocrx_word' id='word_1_146' title='bbox 416 2807 514 2887; x_wconf 82' lang='lat' dir='ltr'><strong>erat,</strong></span> <span class='ocrx_word' id='word_1_147' title='bbox 547 2819 662 2890; x_wconf 90' lang='lat' dir='ltr'><strong>quum</strong></span> <span class='ocrx_word' id='word_1_148' title='bbox 685 2796 886 2889; x_wconf 86' lang='lat' dir='ltr'><strong>imperium</strong></span> <span class='ocrx_word' id='word_1_149' title='bbox 911 2796 1079 2869; x_wconf 82' lang='lat' dir='ltr'><strong>divinum</strong></span> <span class='ocrx_word' id='word_1_150' title='bbox 1104 2822 1252 2868; x_wconf 83' lang='lat' dir='ltr'><strong>assere-</strong></span> 
     </span>
     <span class='ocr_line' id='line_1_23' title="bbox 184 2911 1253 3008; baseline -0.005 -20"><span class='ocrx_word' id='word_1_151' title='bbox 184 2928 262 3007; x_wconf 85' lang='lat' dir='ltr'><strong>ret,</strong></span> <span class='ocrx_word' id='word_1_152' title='bbox 294 2916 475 3008; x_wconf 91' lang='lat' dir='ltr'><strong>injustum</strong></span> <span class='ocrx_word' id='word_1_153' title='bbox 502 2912 680 3006; x_wconf 85' lang='lat' dir='ltr'><strong>denique,</strong></span> <span class='ocrx_word' id='word_1_154' title='bbox 715 2913 890 3006; x_wconf 83' lang='lat' dir='ltr'><strong>quoniam</strong></span> <span class='ocrx_word' id='word_1_155' title='bbox 916 2936 1002 2983; x_wconf 90' lang='lat' dir='ltr'><strong>cum</strong></span> <span class='ocrx_word' id='word_1_156' title='bbox 1020 2911 1108 3007; x_wconf 84' lang='lat' dir='ltr'><strong>&#39;plus</strong></span> <span class='ocrx_word' id='word_1_157' title='bbox 1131 2914 1253 3007; x_wconf 85' lang='lat' dir='ltr'><strong>punit,</strong></span> 
     </span>
     <span class='ocr_line' id='line_1_24' title="bbox 75 3018 1250 3127; baseline -0.004 -24"><span class='ocrx_word' id='word_1_158' title='bbox 75 3018 82 3030; x_wconf 54' lang='lat'>⁸</span> <span class='ocrx_word' id='word_1_159' title='bbox 183 3056 293 3127; x_wconf 84' lang='lat' dir='ltr'><strong>quam</strong></span> <span class='ocrx_word' id='word_1_160' title='bbox 316 3031 472 3101; x_wconf 84' lang='lat' dir='ltr'><strong>meritus</strong></span> <span class='ocrx_word' id='word_1_161' title='bbox 498 3040 577 3101; x_wconf 82' lang='lat' dir='ltr'><strong>erat</strong></span> <span class='ocrx_word' id='word_1_162' title='bbox 594 3024 668 3123; x_wconf 65' lang='grc'><strong>28).</strong></span> <span class='ocrx_word' id='word_1_163' title='bbox 725 3027 801 3099; x_wconf 84' lang='lat' dir='ltr'><strong>His</strong></span> <span class='ocrx_word' id='word_1_164' title='bbox 826 3029 994 3117; x_wconf 82' lang='lat' dir='ltr'><strong>-nocedit,</strong></span> <span class='ocrx_word' id='word_1_165' title='bbox 1028 3028 1129 3121; x_wconf 90' lang='lat' dir='ltr'><strong>quod</strong></span> <span class='ocrx_word' id='word_1_166' title='bbox 1161 3052 1250 3099; x_wconf 82' lang='lat' dir='ltr'><strong>oru-</strong></span> 
     </span>
     <span class='ocr_line' id='line_1_25' title="bbox 185 3144 1250 3239; baseline -0.007 -19"><span class='ocrx_word' id='word_1_167' title='bbox 185 3148 285 3239; x_wconf 81' lang='lat' dir='ltr'><strong>cula,</strong></span> <span class='ocrx_word' id='word_1_168' title='bbox 312 3146 478 3221; x_wconf 79' lang='lat' dir='ltr'><strong>veritatis</strong></span> <span class='ocrx_word' id='word_1_169' title='bbox 502 3146 697 3227; x_wconf 80' lang='lat' dir='ltr'><strong>thesauros</strong></span> <span class='ocrx_word' id='word_1_170' title='bbox 723 3154 761 3213; x_wconf 84' lang='lat' dir='ltr'><strong>et</strong></span> <span class='ocrx_word' id='word_1_171' title='bbox 795 3144 984 3234; x_wconf 85' lang='lat' dir='ltr'><strong>custodes,</strong></span> <span class='ocrx_word' id='word_1_172' title='bbox 1023 3166 1128 3226; x_wconf 83' lang='lat' dir='ltr'><strong>sacro</strong></span> <span class='ocrx_word' id='word_1_173' title='bbox 1158 3167 1250 3216; x_wconf 86' lang='lat' dir='ltr'><strong>san-</strong></span> 
     </span>
     <span class='ocr_line' id='line_1_26' title="bbox 186 3259 1252 3354; baseline -0.007 -17"><span class='ocrx_word' id='word_1_174' title='bbox 186 3266 365 3354; x_wconf 81' lang='lat' dir='ltr'><strong>ctissima,</strong></span> <span class='ocrx_word' id='word_1_175' title='bbox 391 3284 470 3340; x_wconf 85' lang='lat' dir='ltr'><strong>non</strong></span> <span class='ocrx_word' id='word_1_176' title='bbox 492 3262 589 3345; x_wconf 83' lang='lat' dir='ltr'><strong>tanti</strong></span> <span class='ocrx_word' id='word_1_177' title='bbox 612 3261 735 3339; x_wconf 81' lang='lat' dir='ltr'><strong>facere</strong></span> <span class='ocrx_word' id='word_1_178' title='bbox 761 3260 915 3353; x_wconf 85' lang='lat' dir='ltr'><strong>dicitur,</strong></span> <span class='ocrx_word' id='word_1_179' title='bbox 936 3273 984 3333; x_wconf 86' lang='lat' dir='ltr'><strong>ut</strong></span> <span class='ocrx_word' id='word_1_180' title='bbox 1000 3259 1163 3344; x_wconf 83' lang='lat' dir='ltr'><strong>libidinis</strong></span> <span class='ocrx_word' id='word_1_181' title='bbox 1181 3284 1252 3331; x_wconf 83' lang='lat' dir='ltr'><strong>ex-</strong></span> 
     </span>
    </p>
   </div>
   <div class='ocr_carea' id='block_1_3' title="bbox 183 3497 1251 4176">
    <p class='ocr_par' dir='ltr' id='par_1_3' title="bbox 183 3497 1251 4005">
     <span class='ocr_line' id='line_1_27' title="bbox 183 3497 1250 3579; baseline -0.009 -19"><span class='ocrx_word' id='word_1_182' title='bbox 183 3505 256 3561; x_wconf 88' lang='lat' dir='ltr'><strong>nihil</strong></span> <span class='ocrx_word' id='word_1_183' title='bbox 273 3520 371 3579; x_wconf 79' lang='lat' dir='ltr'><strong>posse,</strong></span> <span class='ocrx_word' id='word_1_184' title='bbox 395 3518 465 3557; x_wconf 86' lang='lat' dir='ltr'><strong>cum</strong></span> <span class='ocrx_word' id='word_1_185' title='bbox 488 3499 544 3555; x_wconf 86' lang='lat' dir='ltr'><strong>hoc</strong></span> <span class='ocrx_word' id='word_1_186' title='bbox 565 3510 661 3559; x_wconf 75' lang='lat' dir='ltr'><strong>sutem</strong></span> <span class='ocrx_word' id='word_1_187' title='bbox 678 3501 867 3571; x_wconf 77' lang='lat' dir='ltr'><strong>conjunctum</strong></span> <span class='ocrx_word' id='word_1_188' title='bbox 883 3507 912 3553; x_wconf 84' lang='lat' dir='ltr'><strong>ct</strong></span> <span class='ocrx_word' id='word_1_189' title='bbox 928 3497 1060 3554; x_wconf 76' lang='lat' dir='ltr'><strong>felicitate</strong></span> <span class='ocrx_word' id='word_1_190' title='bbox 1068 3498 1180 3560; x_wconf 47' lang='lat' dir='ltr'><strong>,fruitur</strong></span> <span class='ocrx_word' id='word_1_191' title='bbox 1195 3515 1250 3551; x_wconf 79' lang='lat' dir='ltr'><strong>uu-</strong></span> 
     </span>
     <span class='ocr_line' id='line_1_28' title="bbox 183 3580 1251 3661; baseline -0.01 -14"><span class='ocrx_word' id='word_1_192' title='bbox 183 3592 315 3647; x_wconf 76' lang='lat' dir='ltr'><strong>ctoritctc</strong></span> <span class='ocrx_word' id='word_1_193' title='bbox 331 3584 464 3661; x_wconf 75' lang='lat' dir='ltr'><strong>gaudere.</strong></span> <span class='ocrx_word' id='word_1_194' title='bbox 498 3586 577 3643; x_wconf 81' lang='lat' dir='ltr'><strong>Haec</strong></span> <span class='ocrx_word' id='word_1_195' title='bbox 594 3585 684 3659; x_wconf 78' lang='lat' dir='ltr'><strong>igitur</strong></span> <span class='ocrx_word' id='word_1_196' title='bbox 701 3583 776 3639; x_wconf 82' lang='lat' dir='ltr'><strong>hanc</strong></span> <span class='ocrx_word' id='word_1_197' title='bbox 790 3592 821 3638; x_wconf 83' lang='lat' dir='ltr'><strong>et</strong></span> <span class='ocrx_word' id='word_1_198' title='bbox 830 3580 1014 3653; x_wconf 78' lang='lat' dir='ltr'><strong>Aeschyleam</strong></span> <span class='ocrx_word' id='word_1_199' title='bbox 1028 3582 1156 3638; x_wconf 72' lang='lat' dir='ltr'><strong>sabulum</strong></span> <span class='ocrx_word' id='word_1_200' title='bbox 1167 3583 1251 3638; x_wconf 86' lang='lat' dir='ltr'><strong>simi-</strong></span> 
     </span>
     <span class='ocr_line' id='line_1_29' title="bbox 183 3668 1250 3746; baseline -0.007 -15"><span class='ocrx_word' id='word_1_201' title='bbox 183 3676 275 3731; x_wconf 84' lang='lat' dir='ltr'><strong>litudo</strong></span> <span class='ocrx_word' id='word_1_202' title='bbox 294 3671 461 3743; x_wconf 80' lang='lat' dir='ltr'><strong>intercedit,</strong></span> <span class='ocrx_word' id='word_1_203' title='bbox 478 3672 557 3746; x_wconf 87' lang='lat' dir='ltr'><strong>quod</strong></span> <span class='ocrx_word' id='word_1_204' title='bbox 575 3681 697 3745; x_wconf 80' lang='lat' dir='ltr'><strong>utraque</strong></span> <span class='ocrx_word' id='word_1_205' title='bbox 713 3677 883 3743; x_wconf 77' lang='lat' dir='ltr'><strong>argumento</strong></span> <span class='ocrx_word' id='word_1_206' title='bbox 895 3677 937 3724; x_wconf 83' lang='lat' dir='ltr'><strong>est</strong></span> <span class='ocrx_word' id='word_1_207' title='bbox 948 3668 1151 3735; x_wconf 72' lang='lat' dir='ltr'><strong>universaliori</strong></span> <span class='ocrx_word' id='word_1_208' title='bbox 1162 3686 1250 3741; x_wconf 74' lang='lat' dir='ltr'><strong>quam</strong></span> 
     </span>
     <span class='ocr_line' id='line_1_30' title="bbox 206 3758 377 3815; baseline -0.035 0"><span class='ocrx_word' id='word_1_209' title='bbox 206 3780 223 3815; x_wconf 94' lang='lat' dir='ltr'><strong>o</strong></span> <span class='ocrx_word' id='word_1_210' title='bbox 245 3758 377 3814; x_wconf 74' lang='lat' dir='ltr'><strong>ulariori.</strong></span> 
     </span>
     <span class='ocr_line' id='line_1_31' title="bbox 184 3780 1250 3918; baseline 0.002 -20"><span class='ocrx_word' id='word_1_211' title='bbox 184 3780 298 3916; x_wconf 62' lang='lat' dir='ltr'>ppss)</span> <span class='ocrx_word' id='word_1_212' title='bbox 326 3840 480 3898; x_wconf 78' lang='lat' dir='ltr'><strong>Menandri</strong></span> <span class='ocrx_word' id='word_1_213' title='bbox 500 3842 603 3917; x_wconf 77' lang='lat' dir='ltr'><strong>fragm.</strong></span> <span class='ocrx_word' id='word_1_214' title='bbox 626 3842 748 3899; x_wconf 80' lang='lat' dir='ltr'><strong>Luciau.</strong></span> <span class='ocrx_word' id='word_1_215' title='bbox 773 3840 930 3899; x_wconf 75' lang='lat' dir='ltr'><strong>Amorum</strong></span> <span class='ocrx_word' id='word_1_216' title='bbox 953 3842 1032 3918; x_wconf 85' lang='lat' dir='ltr'><strong>Opp.</strong></span> <span class='ocrx_word' id='word_1_217' title='bbox 1047 3838 1092 3899; x_wconf 82' lang='lat' dir='ltr'><strong>cd.</strong></span> <span class='ocrx_word' id='word_1_218' title='bbox 1109 3836 1250 3900; x_wconf 73' lang='lat' dir='ltr'><strong>Senmet</strong></span> 
     </span>
     <span class='ocr_line' id='line_1_32' title="bbox 187 3929 1149 4005; baseline -0.012 -18"><span class='ocrx_word' id='word_1_219' title='bbox 187 3929 292 3991; x_wconf 72' lang='lat' dir='ltr'><strong>tonui.</strong></span> <span class='ocrx_word' id='word_1_220' title='bbox 309 3949 340 4005; x_wconf 82' lang='lat' dir='ltr'><strong>p.</strong></span> <span class='ocrx_word' id='word_1_221' title='bbox 353 3930 417 3987; x_wconf 69' lang='lat'><strong>651.</strong></span> <span class='ocrx_word' id='word_1_222' title='bbox 1145 3969 1149 3975; x_wconf 80' lang='grc'><strong>.</strong></span> 
     </span>
    </p>

    <p class='ocr_par' dir='ltr' id='par_1_4' title="bbox 348 4008 919 4089">
     <span class='ocr_line' id='line_1_33' title="bbox 348 4008 919 4089; baseline -0.002 -19"><span class='ocrx_word' id='word_1_223' title='bbox 348 4009 398 4071; x_wconf 76' lang='grc' dir='ltr'><strong>εἶτ’</strong></span> <span class='ocrx_word' id='word_1_224' title='bbox 415 4008 447 4069; x_wconf 79' lang='lat' dir='ltr'><strong>ci</strong></span> <span class='ocrx_word' id='word_1_225' title='bbox 464 4011 574 4073; x_wconf 71' lang='grc' dir='ltr'><strong>δικαίως</strong></span> <span class='ocrx_word' id='word_1_226' title='bbox 589 4008 919 4089; x_wconf 66' lang='grc' dir='ltr'><strong>προςπωτατταλουμένον</strong></span> 
     </span>
    </p>

    <p class='ocr_par' dir='ltr' id='par_1_5' title="bbox 349 4094 1034 4176">
     <span class='ocr_line' id='line_1_34' title="bbox 349 4094 1034 4176; baseline 0.007 -22"><span class='ocrx_word' id='word_1_227' title='bbox 349 4094 484 4176; x_wconf 63' lang='grc' dir='ltr'><strong>γράφουσι</strong></span> <span class='ocrx_word' id='word_1_228' title='bbox 500 4097 549 4156; x_wconf 76' lang='lat' dir='ltr'><strong>civ</strong></span> <span class='ocrx_word' id='word_1_229' title='bbox 567 4104 724 4174; x_wconf 71' lang='grc' dir='ltr'><strong>Προμηθέα</strong></span> <span class='ocrx_word' id='word_1_230' title='bbox 743 4096 812 4171; x_wconf 72' lang='grc' dir='ltr'><strong>πρός</strong></span> <span class='ocrx_word' id='word_1_231' title='bbox 828 4100 889 4157; x_wconf 71' lang='grc' dir='ltr'><strong>ταῖς</strong></span> <span class='ocrx_word' id='word_1_232' title='bbox 904 4101 1034 4171; x_wconf 70' lang='grc' dir='ltr'><strong><em>πέτραισι·</em></strong></span> 
     </span>
    </p>
   </div>
   <div class='ocr_carea' id='block_1_4' title="bbox 0 0 1484 4750">
    <p class='ocr_par' dir='ltr' id='par_1_6' title="bbox 0 0 1484 4750">
     <span class='ocr_line' id='line_1_35' title="bbox 0 0 1484 4750; baseline 0 0"><span class='ocrx_word' id='word_1_233' title='bbox 0 0 1484 4750; x_wconf 95' lang='lat' dir='ltr'><strong> </strong></span> 
     </span>
    </p>
   </div>
  </div>
 </body>
</html>
