2959 4750
563 300 817 375 ...27-

159 521 189 565 c.
215 492 288 562 Th.
316 488 364 562 V.
391 497 498 578 1007.
522 478 644 560 πάθεν
668 513 736 580 pro
759 487 899 562 tucca
922 476 1035 584 α’νήρ,·
1056 482 1226 560 vocabuli

159 611 324 704 priorem
351 608 534 700 syllabam,
561 631 670 699 quam
695 618 831 699 poetae
855 605 957 675 attici
974 629 1120 697 semper
1136 631 1226 674 cor-
1268 682 1270 685 ,

159 729 367 819 ripuerunt,
394 723 596 816 Aeschylus
622 725 810 794 interdum
826 746 897 790 usu
922 721 1111 792 homerico
1132 749 1226 818 pro-

161 844 279 914 duxit.
327 843 451 913 Prom.
470 843 516 914 V.
539 838 945 914 1121.1128.aiit'oca.
1002 894 1004 899 -

266 1080 306 1148 Si
331 1081 431 1172 quis,
456 1090 500 1149 ut
525 1079 663 1174 oratio,
690 1077 790 1146 unde
816 1076 1030 1168 declinavit,
1056 1091 1227 1150 reverta-

161 1209 243 1286 tur,
269 1197 440 1269 verbosas
467 1197 506 1262 in
526 1195 749 1266 Prometheo
775 1198 900 1268 vincto
926 1197 1157 1265 narrationes
1183 1197 1228 1266 ab

162 1315 266 1406 epico
292 1316 380 1382 artis
398 1313 616 1382 dramaticae
641 1314 747 1382 initio
771 1325 941 1406 repetere
956 1314 1057 1402 velit,
1082 1314 1121 1381 id
1146 1337 1231 1383 cum

164 1431 247 1522 jure
274 1455 340 1500 suo
368 1442 469 1501 certo
497 1454 581 1498 eum
607 1431 817 1523 disputare,
853 1432 1023 1500 lubenter
1050 1431 1230 1500 confitea-

142 1571 263 1637 mur,
290 1549 329 1617 id
352 1549 455 1639 quod
479 1548 589 1639 paulo
614 1558 701 1638 post
719 1547 869 1633 uberius
886 1548 1229 1616 demonstrabimus.

165 1660 215 1732 At
238 1663 545 1756 simplicissimam
572 1652 736 1752 ejusdem
763 1663 906 1734 fabulae
926 1665 1232 1756 compositionem

166 1773 327 1877 οἷπορίαν
354 1782 427 1849 dici
452 1804 528 1850 non
554 1782 689 1849 debere
714 1803 783 1872 pro
810 1792 911 1850 certo
937 1782 1113 1851 habemus
1138 1804 1231 1873 per-

168 1921 326 1966 suasum.
378 1899 447 1966 Est
474 1901 573 1966 enim
598 1899 689 1965 haec
714 1896 837 1964 fabula
860 1896 962 1965 tanta
981 1898 1154 1966 cothurni
1174 1899 1232 1965 al-

168 2016 338 2102 titudine,
364 2025 467 2083 tanto
483 2040 608 2083 rerum
634 2024 820 2104 gestarum
837 2000 1015 2102 pondere,
1042 2027 1233 2107 utquam-

165 2134 221 2205 vis
254 2130 469 2223 implicitam
503 2132 762 2224 spinosamque
795 2127 1005 2222 οἰκονομίαν
1037 2133 1235 2224 repudiare

167 2251 357 2340 videatur3
392 2260 559 2341 tempus,
587 2274 659 2341 quo
686 2249 843 2339 factum,
872 2250 968 2341 quod
995 2249 1117 2318 fabula
1142 2273 1234 2318 nar-

63 2363 66 2368 ’
166 2379 289 2455 ratur,
316 2378 392 2435 tam
419 2379 474 2435 est
498 2378 704 2456 vetustum,
742 2380 817 2435 tam
844 2367 888 2433 ab
915 2365 1079 2435 artificiis
1103 2394 1233 2437 remo-

170 2496 269 2572 tum,
308 2494 351 2553 ut
375 2482 573 2553 artificiosa
599 2506 729 2553 scenae
763 2479 957 2553 exornatio
992 2484 1235 2572 spectantium

168 2602 310 2670 animos
335 2601 450 2691 magis
477 2603 700 2671 deterritum
726 2626 835 2692 quam
851 2601 1040 2691 voluptate
1063 2599 1237 2668 affectura

82 2718 85 2725 ’
169 2718 310 2788 fuisset.
363 2715 440 2802 Qui
467 2720 627 2808 denique
653 2730 786 2809 agunt,
821 2739 949 2783 omnes
977 2727 1064 2784 sunt
1089 2717 1141 2788 dii
1166 2719 1238 2786 de-

170 2858 304 2926 aeque,
331 2856 490 2925 quorum
514 2844 615 2903 tanta
642 2845 697 2905 est
711 2896 714 2904 .
730 2834 886 2926 dignitas
912 2842 950 2900 et
973 2816 1162 2923 majestas,
1197 2845 1240 2903 ut

170 2952 306 3045 singuli
333 2952 363 3019 si
389 2953 511 3021 animo
539 2952 728 3044 oculisque
754 2950 1032 3041 producuntur,
1058 2951 1144 3018 satis
1170 2975 1237 3019 su-

170 3093 311 3164 perque
344 3059 461 3161 φόβον
495 3070 553 3141 ναὶ
578 3062 699 3145 πάθος
730 3069 931 3155 incutiant,
967 3076 1011 3133 ut
1042 3065 1239 3134 artificiosa

173 3210 303 3257 eorum
330 3183 538 3275 conjunctio
566 3206 852 3277 sermonumque
870 3180 999 3253 callida
1019 3182 1237 3275 compositio

171 3308 354 3376 humanae
381 3305 530 3393 quidem
557 3304 736 3395 adaptata,
764 3303 911 3373 divinae
936 3314 1060 3371 autem
1084 3295 1240 3371 naturae

174 3422 361 3493 contraria
384 3420 526 3488 suisset.
580 3421 685 3509 Quae
719 3440 834 3511 qaum
863 3418 982 3509 probe
1014 3430 1124 3510 poeta
1148 3443 1241 3511 per-

175 3540 410 3621 sentisceret,
439 3536 646 3627 οἰκονομίας
672 3557 838 3602 summae
864 3535 1033 3599 studebat
1059 3532 1241 3624 simplici-

175 3656 259 3743 tati,
284 3674 413 3721 rerum
439 3661 562 3722 autem
587 3660 625 3719 et
649 3650 851 3722 verborum
883 3643 1044 3750 ponderi
1068 3650 1242 3719 maximo.

175 3772 349 3863 Magnam
380 3769 492 3860 igitur
518 3768 706 3869 solertiam
740 3788 825 3836 eum
858 3766 1067 3836 adhibuisse
1080 3779 1245 3860 ‘apparet

176 3892 216 3959 in
243 3885 484 3979 excogitando
510 3887 653 3957 fabulae
672 3886 811 3955 ordina
830 3887 1065 3977 partiumque
1081 3885 1243 3984 conjun-

180 4006 322 4095 ctione,
362 4026 517 4097 quarum
549 4028 623 4075 una
656 4004 763 4074 alteri
796 3997 942 4072 annexa
977 4004 1094 4095 magis
1134 4022 1244 4096 quam

183 4147 269 4194 cum
297 4123 450 4192 relicuis
475 4134 652 4197 contexta
677 4143 758 4191 essa
782 4120 903 4212 primo
930 4120 1062 4190 obtuta
1086 4120 1244 4190 videtur.
