2959 4750
651 343 706 400 t·-
755 321 804 392 32
855 346 907 362 ···

248 509 317 578 alia
342 527 446 575 mens
473 514 561 574 erat.
613 504 645 572 Ii
673 507 838 575 enimin
864 505 1016 594 litteris,
1051 507 1157 575 utin
1182 507 1309 598 philo-

250 625 397 717 sophia,
429 622 685 690 mathematica
711 634 748 690 et
775 647 867 714 quae
891 623 949 690 his
975 624 1110 692 similes
1137 635 1225 693 sunt
1248 626 1310 692 di-

247 742 441 833 sciplinae,
480 760 568 810 vera
602 739 727 808 doceri
754 741 945 828 volebant,
983 741 1126 810 incerta
1153 755 1190 810 et
1221 742 1311 811 falsa

245 858 488 949 respuebant3
515 881 630 948 quum
654 855 798 925 fabulae
824 868 1023 948 agerentur
1048 859 1108 929 vel
1141 859 1230 927 sulsa
1255 859 1311 928 rei

247 987 370 1068 gestae
395 975 606 1042 narratione
631 976 795 1043 recreari
821 998 930 1066 quam
954 976 1125 1067 religiosa
1154 996 1199 1044 ‘ac
1234 1000 1310 1068 pu-

245 1091 322 1161 tida
346 1091 501 1162 veritate
524 1090 655 1180 poesin
682 1092 944 1159 detrimentum
970 1115 1101 1182 capere
1116 1094 1310 1163 malebant.

248 1208 303 1277 Ita
330 1210 360 1276 si
386 1210 466 1301 quis
494 1217 741 1298 spectatorum
766 1208 855 1278 vitia
880 1209 1122 1300 geographica
1145 1212 1185 1277 in
1209 1211 1309 1277 Pro—

248 1324 388 1393 methei
414 1325 586 1395 vaticinio
614 1323 889 1413 animadvertit,
917 1337 1156 1416 certumst,
1184 1327 1310 1394 eadem

246 1442 434 1532 voluptate
461 1455 546 1508 eu'm
571 1441 765 1531 perfusum
782 1465 873 1530 esse,
900 1467 1020 1534 quam,
1048 1444 1171 1513 sinon
1185 1443 1307 1512 anim-

246 1559 481 1648 advertisset,
508 1559 637 1627 fuisset
663 1571 852 1650 capturus.

346 1674 526 1765 Alterum,
554 1677 652 1768 quod
676 1677 746 1744 hac
773 1679 963 1747 occasione
985 1678 1212 1747 considerari
1234 1701 1309 1768 po-

120 1846 124 1853 .
245 1805 334 1881 test,
362 1803 540 1860 nontam
567 1793 687 1860 estin
713 1793 854 1881 fabula,
882 1817 991 1885 quam
1016 1819 1138 1862 sermo
1164 1806 1306 1886 tractat,

247 1915 346 2004 ipsa,
374 1936 483 2004 quam
508 1913 548 1979 in
573 1912 741 2002 integro,
778 1905 881 1999 cujus
906 1935 992 2002 pars
1020 1923 1075 1979 est
1083 1937 1094 2001 3
1127 1912 1209 1981 dico
1234 1914 1309 1981 tri-

242 2030 386 2122 logiam.
449 2029 653 2098 Memoriae
688 2030 787 2097 enim
823 2029 1013 2120 proditum
1050 2040 1124 2113 est,
1161 2041 1309 2120 praeter

242 2147 506 2216 Prometheum
547 2147 713 2218 vinctum
746 2143 968 2235 Aeschylum
1013 2144 1101 2212 duas
1143 2145 1307 2234 ejusdem

215 2249 217 2254 ¹
241 2266 340 2335 tituli
364 2262 569 2356 tragoedias
596 2261 774 2350 docuisse,
803 2260 1182 2331 unamPrometheum
1206 2265 1309 2356 igni-

243 2385 376 2470 ferum,
391 2383 546 2450 alterum
560 2380 827 2449 Prometheum
847 2380 1019 2465 solutum,
1043 2404 1198 2470 quarum
1214 2385 1306 2453 ordo

241 2498 293 2567 ita
319 2497 597 2565 constituendus
624 2507 691 2579 est,
720 2507 762 2563 ut
786 2496 920 2587 ignifer
945 2498 1125 2586 primum,
1161 2502 1306 2571 vinctus

243 2618 410 2704 alterum,
437 2614 578 2683 solutus
606 2613 764 2705 denique
787 2612 1031 2681 Prometheus
1057 2615 1209 2688 tertium
1233 2619 1308 2687 tri-

240 2734 360 2826 logiae
385 2732 507 2801 locum
533 2735 728 2819 obtineret,
756 2754 974 2822 quamquam
1001 2732 1124 2800 nescio
1152 2756 1224 2825 quo
1242 2733 1306 2803 er-

161 2856 170 2874 ‘
242 2844 328 2921 rore
341 2877 361 2919 a
374 2850 568 2919 scholiasta
578 2853 618 2917 in
628 2850 900 2937 tragoediarum
908 2844 1192 2937 Aeschylearum
1206 2864 1308 2921 cata-

241 2970 326 3059 logo
354 2967 512 3058 ignifero
539 2966 685 3036 vinctus
711 2965 962 3054 praeponitur.
1013 2964 1171 3031 Prorsus
1182 2978 1306 3035 autem

243 3088 425 3155 omittitur
450 3083 694 3153 Prometheus
720 3074 915 3178 πυρκαεός,
942 3106 1050 3173 quem
1076 3081 1305 3175 aliquatenus

244 3200 986 3291 cumtrilogiacohaesisseconjecturaest.
1015 3198 1306 3272 Cf.Bliimnerus

241 3323 265 3390 l.
281 3319 349 3409 l.p.
366 3316 420 3384 18.
431 3340 507 3409 sqq.
535 3313 801 3385 Valckerusld.
817 3340 852 3408 p.
874 3335 955 3403 119.
966 3339 1041 3407 sqq.
1060 3306 1253 3412 πυρφόρον
1269 3331 1306 3389 et

243 3431 1301 3532 napum}ejusdemfabulaetitulossuisseSchulziusp.8.sq.

244 3550 1305 3643 etJacobsiusAttMus.tom.llI.p.549.sibipersuaserunt.

345 3670 496 3736 Tertiae
520 3667 633 3756 partis
660 3679 917 3767 argumentum
942 3665 1157 3734 Promethei
1189 3670 1306 3739 vincti

243 3787 288 3859 V.
317 3783 540 3876 896-898.
568 3783 765 3851 maximam
789 3794 931 3873 partem
958 3784 1169 3865 continetur

391 3900 529 4001 σπορᾶς
552 3927 593 3993 ya
617 3891 690 3997 μήν
714 3904 753 3971 ἐκ
777 3896 880 3996 cipedo
906 3890 1062 3999 priuatas
1085 3890 1227 3995 θρασύς
1296 3905 1299 3910 ’

390 4015 526 4104 τόξοισι
550 4010 707 4121 alatari&
731 4015 770 4099 ὃς
795 4009 914 4092 πόνων
938 4024 976 4093 ἐκ
1000 4013 1103 4093 τῶνδ’
1127 4018 1195 4111 ἐμέ

389 4134 496 4216 λύσει.
535 4146 538 4150 ’
