2959 4750
446 1011 455 1032 ,
527 865 639 970 oe
707 855 1075 1004 eaelo.¹

707 1109 872 1126 Μ

269 1277 398 1387 Chori
427 1327 550 1408 partes
583 1317 623 1386 in
649 1313 860 1412 Aeschyleis
890 1313 1087 1411 tragoediis
1121 1310 1212 1383 aliae
1241 1317 1327 1382 suut

266 1447 377 1526 atque
407 1431 455 1498 iu'
473 1429 688 1524 Sophocleis
721 1445 759 1505 et
783 1433 1008 1527 Euripidem
1058 1428 1184 1524 'Atque
1214 1441 1256 1500 ut
1286 1431 1327 1498 in

263 1543 336 1626 illie
370 1545 417 1616 a⁵d
443 1545 614 1638 ejusdem·
642 1551 738 1621 artis
756 1564 972 1646 progressus
997 1549 1139 1619 animus
1164 1545 1341 1620 adverti·

266 1677 347 1754 tiu,
374 1685 467 1756 quae
493 1661 838 1757 apud'Sophoolem
863 1659 967 1760 quasi
991 1667 1094 1734 sedet
1117 1667 1157 1733 iu
1179 1664 1337 1735 'summo'

264 1779 431 1870 fastigio,
467 1756 586 1869 aquo
611 1779 801 1872 Euripidis
828 1781 981 1850 mollitia
1005 1781 1233 1873 pedetentim
1257 1779 1337 1847 de-‘

264 1893 503 1982 labitumita·
521 1895 617 1987 apud
643 1893 866 1986 Aeschylum
886 1895 1034 1965 Chorus
1059 1895 1106 1963 ad
1131 1900 1218 1965 eam'
1236 1916 1330 1989 per-

266 2007 466 2080 lectionem
496 2011 616 2080 ¹anniti
646 2003 788 2098 studet,
830 2032 900 2103 qua
923 2022 1008 2103 post
1031 2011 1182 2080 demum
1207 2037 1229 2081 a
1254 2011 1328 2080 So-

264 2121 399 2218 phocle
424 2115 593 2195 donatur.
651 2125 770 2219 Magis
805 2127 905 2194 enim
937 2129 1125 2219 magisque
1146 2139 1328 2220 naturam,

263 2239 354 2328 eibi,
380 2247 509 2330 utpote
534 2241 686 2334 singulis
714 2242 884 2333 personis
902 2235 1102 2333 conotauti,
1127 2246 1328 2336 propriam,

267 2356 372 2451 exuit
395 2366 432 2427 et
456 2376 560 2441 suas,
594 2339 682 2451 quas
707 2359 748 2427 iri
772 2351 916 2427 fabidae
941 2357 1085 2429 actione
1107 2370 1230 2451 partes
1254 2359 1337 2429 ha:

265 2474 330 2541 bet
355 2486 402 2538 'ex
426 2469 672 2561 peculiaribus
698 2474 947 2543 universiores
971 2470 1093 2543 facere
1114 2469 1246 2565 incipit
1260 2467 1279 2507 ⁴¹
1288 2472 1325 2569 ⁴)

266 2584 364 2681 apud
389 2579 635 2678 Aeschylum,
667 2586 767 2680 apud
792 2586 1014 2679 Sophoclem·
1037 2602 1160 2659 autem
1183 2600 1328 2663 tautum
1413 2637 1418 2660 ι.

266 2704 389 2792 abest,
427 2712 470 2771 ut
500 2700 762 2797 ‘cupiditatibus
794 2713 832 2773 et
863 2696 1022 2777 πάθεσιν
1050 2697 1267 2795 inserviat,
1285 2711 1329 2777 u't

266 2820 412 2914 generis
428 2818 580 2888 humaui
606 2832 642 2889 et
659 2822 754 2889 recti
777 2822 968 2912 pulcrique
993 2844 1067 2891 vox
1092 2845 1173 2893 esse
1196 2824 1327 2895 videa-

264 2948 346 3024 tur,
369 2929 428 3025 1⁵)
462 2956 535 3027 qua
564 2933 668 3003 lance
701 2956 794 3026 quae
827 2944 985 3027 aguntur
1018 2937 1141 3005 omnia
1165 2939 1330 3031 pendere

267 3046 394 3147 queas!
417 3045 475 3143 ¹⁶)

367 3168 566 3257 Euripides
597 3178 720 3235 autem
757 3189 801 3234 eo
836 3190 857 3233 a
896 3189 985 3239 vero
1018 3170 1181 3257 aberrat,
1227 3172 1327 3261 quod

268 3283 434 3352 Chorum
460 3291 644 3373 tamquam
669 3281 932 3375 supellectilem
957 3284 1180 3377 superfluam
1196 3287 1327 3376 agendi

265 3458 472 3478 ,ρ-ι-

335 3557 379 3629 ’4)
402 3556 562 3630 Incipieudi
585 3559 706 3613 verbum
726 3560 857 3614 consulto
875 3559 1018 3629 elegimus.
1052 3560 1124 3615 Nam
1143 3562 1327 3632 supplicibus

265 3643 381 3698 Chorus
398 3652 456 3695 tam
474 3639 612 3694 abhorret
629 3660 645 3693 a
662 3652 767 3695 natura
783 3660 834 3695 sua
850 3642 988 3712 legitima,
1005 3652 1038 3694 ut
1054 3644 1115 3712 ipse
1131 3645 1238 3713 primas
1253 3666 1328 3717 par·

266 3737 307 3780 tes
332 3735 406 3797 agat.
462 3722 506 3777 Cf.
530 3723 681 3777 Jacobsius
702 3724 814 3781 lotrad.
846 3726 881 3777 ad
910 3725 1012 3782 Aescu.
1038 3727 1137 3781 Persas
1162 3728 1238 3783 Mus.
1267 3731 1328 3790 Au.

267 3820 337 3867 tom.
348 3810 398 3865 lv.
415 3828 446 3881 p.
458 3808 560 3865 XXIV.
579 3816 606 3863 et
620 3809 752 3865 Bluemn.
771 3810 791 3861 l.
807 3810 825 3862 Ι.
842 3829 872 3880 p.
888 3815 946 3865 108.
979 3812 1151 3866 Suevernius
1166 3814 1213 3869 l.l.
1228 3834 1257 3886 p.
1269 3818 1326 3884 159.

337 3911 381 3979 ¹⁵)
400 3908 532 3963 Bluemn.
552 3908 572 3963 1.
588 3908 608 3963 l.
627 3928 657 3979 p.
673 3910 730 3963 156.
748 3910 798 3963 der
816 3909 895 3963 Chor
913 3910 971 3965 dies
988 3911 1158 3983 partheilose
1174 3930 1263 3981 urgan
1276 3913 1327 3967 der

205 4002 212 4009 “
270 3993 404 4049 vernunst
421 3994 482 4046 und
499 3993 702 4047 rechtlichlteit.

339 4096 386 4154 ιθ)
407 4092 472 4145 Vid.
492 4094 592 4147 Horat.
611 4094 663 4165 Ep.
683 4095 718 4151 ad
736 4096 805 4153 Piss.
822 4100 857 4151 V.
871 4101 1026 4164 195-201.
