2959 4750
478 397 481 402 ,
565 321 841 392 ..-·13.-

143 569 149 581 .
188 509 297 578 1828.
325 511 423 580 edito
438 508 664 580 lineamenta
678 502 874 602 prosodiae
889 508 1119 600 germanicae
1128 513 1245 605 'egre-

185 627 244 719 gie
269 625 519 695 adumbrantia
545 636 583 696 et
596 639 654 696 'ex
666 625 860 718 'principiis
872 624 1106 716 deducentis,
1132 639 1245 699 utan-

185 754 248 812 tur
274 743 451 833 exemplis
476 767 524 813 ex
547 740 802 834 Klopstockiig
837 740 1076 833 Vossior'uni‚
1110 744 1187 815 Fra
1201 746 1245 818 A.

187 855 338 946 Wolfii,
365 856 407 927 A.
435 858 481 928 G.
509 851 983 952 Schleg'elii.(Herabkunst
1007 860 1077 929 deri
1088 861 1246 933 Goettiu

186 975 318 1065 Ganga
341 998 472 1065 poema
499 998 545 1044 ex
569 973 771 1063 Ramajana
802 972 842 1040 in
873 970 1110 1045 hexametros
1135 979 1246 1069 egre-

186 1091 265 1183 gios
290 1090 462 1161 tralatum
486 1090 567 1158 Ind.
593 1090 767 1161 Biblioth.
794 1114 831 1182 p.
856 1088 886 1158 Ι.
912 1087 1087 1184 fasc.1.)‚
1114 1094 1246 1163 Comi-

185 1208 233 1277 tis
258 1202 414 1300 Augusti
440 1207 487 1275 de
511 1197 972 1306 Platen-Hallermuende
1003 1211 1183 1304 poematis
1209 1222 1248 1280 et

185 1323 439 1395 tralationibus
464 1323 602 1426 pulcris
616 1316 910 1417 'artificiosisque
934 1301 1157 1417 depromis,
1183 1326 1244 1395 fa-

186 1442 285 1510 ciant
310 1441 484 1532 denique‚
528 1453 570 1509 ut
596 1442 776 1512 Germani
809 1465 875 1511 sua
898 1442 996 1511 bona
1021 1453 1101 1511 tum
1132 1443 1244 1532 igno-²

185 1581 270 1627 rare
294 1569 374 1626 tum
400 1557 588 1646 despicere
614 1570 651 1625 et
675 1560 715 1625 in
740 1558 903 1650 linguam
920 1581 1024 1627 suam
1038 1557 1193 1626 ridicule
1209 1567 1248 1626 et

186 1673 299 1764 impie
323 1693 477 1763 peccare
503 1671 683 1742 desinant.

287 1789 607 1880 Interpretationis
633 1788 855 1861 adminicula
880 1814 950 1860 nec
974 1800 1118 1862 vetusta
1149 1789 1247 1861 bona

185 1928 255 1974 nec
278 1929 375 1976 nova
399 1905 474 1972 ulla
498 1906 543 1972 ad
559 1928 689 1974 manus
706 1919 822 1976 erant
873 1909 1147 1979 Recensionem
1171 1908 1247 1998 igi-

185 2034 247 2092 tur
280 2017 503 2088 Blomfieldii
536 2020 755 2112 plerumque
787 2034 933 2090 secutus
967 2045 1068 2110 sum,
1114 2046 1248 2113 quam-

185 2162 294 2232 quam
319 2158 495 2209 versuum
520 2136 667 2203 numeri
701 2159 779 2206 non
803 2136 851 2205 ad
878 2159 957 2206 eam
990 2135 1057 2206 sed
1081 2136 1127 2205 ad
1152 2160 1246 2206 con-

185 2257 394 2327 versionem
418 2275 539 2320 meam
563 2255 835 2325 accommodata
859 2257 898 2323 in
919 2255 1086 2346 margine
1110 2254 1247 2347 legun-

184 2384 257 2443 tur.
309 2369 384 2439 Ubi
410 2378 532 2437 autem
557 2379 620 2437 aut
653 2369 693 2437 in
726 2373 854 2440 metris
881 2371 1148 2440 constituendis
1184 2360 1248 2443 out

184 2490 224 2558 in
257 2489 456 2562 verborum
489 2484 795 2577 interpretatione
837 2500 875 2559 et
913 2488 1001 2557 crisi
1040 2487 1248 2559 abeundum

186 2630 266 2675 esse
290 2605 505 2689 videbatur,
546 2610 626 2669 tum
659 2603 817 2674 aliorum
850 2606 1018 2676 virorum
1053 2604 1247 2674 doctorum

185 2746 220 2795 v.
248 2748 279 2791 o.
304 2720 483 2808 Elmsleji,
511 2716 731 2803 Hermoni,
759 2720 897 2807 Vossii‚
924 2720 1125 2808 Vellaumi,
1150 2720 1247 2790 Rei-

187 2838 270 2929 sigii
300 2835 415 2905 libros
451 2831 623 2904 consului
650 2843 687 2902 et
712 2857 760 2904 ex
784 2836 829 2904 iis
861 2834 1015 2905 meliora
1048 2836 1247 2926 depromsi,

185 2966 265 3024 tum
291 2954 351 3022 hio
377 2953 451 3022 illic
476 2976 558 3021 mea
583 2951 765 3020 substitui.
817 2951 904 3021 Non
930 2954 1029 3022 enim
1055 2953 1094 3019 in
1119 2950 1247 3021 Hum-

185 3070 316 3140 boldtii
359 3070 581 3137 sententiam
619 3066 722 3134 abire
761 3092 932 3160 possum,
975 3069 1039 3162 qui
1080 3067 1103 3134 l.
1144 3068 1168 3135 l.
1209 3093 1247 3162 p.

186 3183 308 3253 XXII.
334 3185 375 3253 in
400 3182 578 3257 vertendo
604 3184 831 3253 recensionis
856 3186 966 3256 unius
999 3184 1151 3276 alicujus
1176 3210 1248 3255 au-

187 3302 395 3371 ctoritatem
427 3302 598 3371 deserere
631 3323 707 3370 non
741 3301 854 3371 licere
887 3301 1004 3371 docet.
1073 3301 1248 3371 Ceterum

185 3416 257 3486 hoc
280 3418 443 3506 juvenile
468 3440 591 3489 meum
625 3418 843 3510 opusculum
875 3443 896 3486 a
930 3419 1029 3489 vitiis
1062 3439 1139 3486 non
1171 3420 1247 3488 im-

186 3554 299 3599 mune
317 3554 396 3599 esse
419 3534 520 3601 haud
533 3534 669 3600 nescio.
721 3534 783 3600 Tu
808 3536 933 3623 igitur,
958 3534 1087 3618 lector,
1112 3535 1248 3623 accipe,

187 3649 286 3741 quod
313 3648 393 3718 sine
418 3652 474 3718 ira
500 3659 536 3719 et
561 3647 682 3717 studio
709 3649 807 3736 dedi,
832 3646 1035 3738 benevole3
1065 3646 1246 3739 equidem,

188 3766 219 3833 si
243 3789 363 3834 meam
396 3766 629 3836 tralationem
660 3778 747 3858 post
771 3765 990 3836 Vossianam
1024 3786 1103 3832 non
1136 3763 1246 3856 plane

188 3882 412 3976 superfluam
438 3907 518 3951 esse
542 3882 744 3973 judicatum
770 3884 852 3971 erit,
878 3883 998 3951 otium
1014 3882 1251 3973 studiumque

186 4020 262 4066 non
287 4024 444 4092 parvum
476 3998 699 4068 Prometheo
734 4021 811 4068 non
844 3999 982 4069 frustra
1012 4022 1073 4067 me
1104 3999 1247 4089 imper-

183 4116 313 4188 titisse
337 4117 578 4187 vehementer
601 4114 779 4185 laetabor.
