2959 4750
453 416 456 424 Ι
568 337 630 360 ....
680 305 727 383 45
767 337 832 360 ...-

177 499 265 574 sere
297 510 487 592 expertem
529 497 652 568 reddit
683 509 725 566 et
759 497 920 571 carmina
951 524 1082 571 canere
1113 500 1237 592 jubeat

176 626 251 688 tam
277 614 494 690 universalis
520 616 745 706 argumenti,
780 627 841 706 ut,
867 616 899 686 si
924 617 1094 707 ejeceris,
1125 620 1235 692 sabu-

176 731 295 802 larum
315 731 503 822 οἰκονομία
519 731 783 802 detrimentum
798 743 949 825 captura
959 755 1042 802 ¹non
1057 736 1178 806 esset.¹
1189 731 1238 827 7).

178 849 278 938 Quid
312 849 428 936 enim,
471 859 514 918 ut
545 849 725 918 sententia
758 834 928 940 exemplo
963 850 1237 939 corroboretur,

175 966 247 1036 nisi
273 989 403 1038 verum
428 976 644 1056 rectumque
659 963 750 1032 dicit
765 964 914 1035 Chorus
930 963 1103 1056 Oedipis‚
1128 990 1238 1058 quam

174 1080 543 1174 inutraquefabula
565 1080 657 1172 juris
683 1089 739 1149 est
763 1078 917 1150 humani
942 1078 1133 1171 divinique
1165 1080 1238 1156 do,-
1308 1127 1315 1146 r
1367 1119 1373 1135 ·

175 1210 256 1269 ctor
282 1193 541 1290 etpatronus!
592 1195 783 1288 Euripidis
808 1207 933 1267 autem
956 1195 1165 1287 tragoediae
1178 1196 1239 1278 *ad

175 1338 289 1388 unam
313 1335 443 1388 omnes
461 1309 729 1406 comprobant,
768 1296 863 1406 quae
888 1312 1108 1385 dictasunt
1155 1310 1239 1384 Ve-

174 1455 261 1503 rum
286 1431 397 1532 etiam
421 1427 593 1522 Aeschyli
617 1431 658 1498 in
681 1427 907 1502 Prometheo
926 1427 1075 1498 Chorus
1098 1429 1240 1501 alienus

176 1558 233 1617 est
247 1571 269 1615 a
284 1544 489 1637 Sophocleo
512 1543 574 1614 illa
598 1543 838 1636 perfectione.
886 1541 980 1613 Mox
1005 1546 1104 1612 enim
1130 1544 1241 1619 officii

176 1664 236 1736 sui
260 1672 505 1750 memorest,
546 1684 636 1730 mox
670 1659 835 1750 ejusdem
858 1671 1053 1753 praecepta
1076 1662 1240 1756 negligit.

176 1776 298 1873 Atque
327 1777 368 1852 in
392 1788 544 1870 promtu
559 1787 626 1847 -est
656 1757 740 1852 talis
773 1775 1022 1869 negligentiae-
1043 1787 1080 1847 et
1102 1778 1240 1849 incon-

175 1897 335 1966 stantiae
356 1917 474 1962 causa.
524 1893 621 1962 Nam
638 1879 790 1968 ¹constat
813 1891 1110 1981 oceanitidibus,
1125 1893 1245 1964 ,Oce-

178 2013 241 2082 ani
254 2009 415 2099 fiIiabus,
440 2031 530 2101 quas
566 2008 636 2075 diis
662 2009 821 2100 antiquis
846 2031 869 2076 a
891 2007 982 2077 Jove
1006 2009 1115 2079 victis
1138 2011 1240 2102 reje-

177 2130 319 2220 ctisque
353 2137 523 2218 cognatas
550 2121 775 2218 Prometheo
809 2122 1001 2194 amiciores
1027 2141 1241 2219 essequam

93 2280 95 2286 ·
176 2245 232 2316 illi
258 2242 462 2335 oportebat.
526 2239 606 2310 Iam
631 2252 754 2312 autem
780 2239 957 2330 efficitur,
977 2252 1034 2313 „ut
1057 2267 1146 2313 mox
1171 2244 1240 2314 Jor-

177 2386 282 2451 vem,
309 2359 368 2429 sui
391 2358 538 2455 generis
563 2357 756 2453 inimicum
776 2352 835 2451 ¹⁸)
860 2358 1068 2450 infestent„
1083 2373 1121 2431 et
1145 2386 1239 2433 con-

175 2479 281 2553 viciis
311 2476 457 2575 ludant,
499 2500 589 2547 mox
623 2473 734 2571 officii
775 2474 834 2553 sui
872 2498 1057 2547 memores
1077 2491 1241 2553 'rectum

173 2595 401 2691 praecipiant
431 2606 468 2665 et
492 2590 757 2663 Prometheum
785 2591 832 2661 ad
863 2593 957 2663 iram
971 2593 1242 2690 ..moderandam

175 2712 430 2784 adhortentur.
494 2705 616 2800 Atque
655 2718 698 2777 ut
730 2706 878 2777 Chorus
909 2736 932 2778 a
962 2720 1072 2815 poeta
1103 2711 1245 2786 electus
1357 2769 1362 2781 .

175 2815 437 2921 institutusque
462 2836 560 2915 erat,
584 2810 795 2894 fllio'modo
820 2847 901 2896 sese
925 2850 1055 2920 gerere
1080 2830 1144 2902 vix
1167 2855 1241 2925 po-

149 3118 151 3123 ,
246 3072 291 3141 Η)
309 3070 429 3122 Aristot.
453 3042 488 3118 de
512 3074 567 3119 art.
590 3076 667 3137 poet.
683 3065 792 3136 XVIII,
822 3065 863 3122 hl.
881 3066 932 3123 triv
948 3070 1030 3136 χορόν
1046 3070 1097 3125 ἵνα
1111 3071 1242 3128 tatano—

176 3158 273 3229 λαβεῖν
290 3153 347 3208 τῶν
363 3151 519 3223 ἇποκριτῶν
535 3155 585 3207 καῖ
599 3148 697 3221 μόριον
712 3152 787 3207 εἶναι
803 3152 855 3206 rori
865 3146 929 3207 dise
943 3160 992 3208 nati
1004 3157 1241 3228 συναγωνίζεσθαι,

177 3244 217 3315 μή
235 3236 326 3309 ὥσπερ
341 3235 496 3309 Ειῖριπίδηο
511 3235 571 3293 ttt’
587 3232 677 3307 ὥσπερ
693 3235 876 3311 Σοᾳοῃλῇσ.,
912 3300 916 3305 ,
944 3250 948 3261 “
1009 3303 1014 3319 ¹
1241 3247 1245 3263 '

244 3356 287 3425 ¹⁸)
305 3352 408 3408 Gocth,
425 3352 571 3423 Iphigenia
587 3352 618 3404 in
635 3350 738 3422 Tauris
755 3352 866 3419 1v‚5.:
1060 3421 1063 3429 .

340 3439 367 3493 Ο
386 3436 448 3490 dass
465 3437 497 3489 in
513 3437 635 3489 meinem
651 3434 741 3488 busan
759 3434 839 3487 nicht
855 3435 957 3489 zuletzt

341 3523 389 3576 ein
407 3519 569 3575 widerwillc
587 3518 693 3571 keime!
716 3518 768 3571 der
784 3518 906 3571 Titanes

342 3610 392 3662 der
408 3604 484 3661 alten
501 3613 609 3677 goetter
626 3602 707 3657 tiator
723 3602 788 3660 hasa
806 3602 855 3657 aui
872 3602 958 3669 ench,

340 3688 507 3763 Olympier‚
529 3688 609 3742 nicht
626 3687 699 3743 auch
714 3688 765 3743 die·
775 3698 851 3743 tarta
868 3687 951 3741 brust

342 3776 395 3831 mit
412 3774 592 3847 gcierkiauen
609 3774 689 3829 fasse.
705 3802 741 3818 -

341 3861 403 3915 Aus
420 3858 592 3915 schluenden
610 3859 661 3915 der
679 3857 745 3913 tiase
914 3902 918 3908 .

342 3943 451 4017 dampft
468 3944 555 4000 ihnen
572 3944 638 4011 (den
656 3944 840 4017 Olympiam)
858 3946 910 4001 der
926 3946 1019 4001 atham

323 4029 490 4085 ·erstickter
507 4028 629 4083 'Pitanen
717 4030 720 4037 '
903 4047 905 4050 ·

341 4115 430 4186 gleich
449 4114 692 4189 opfergeruechen
707 4143 743 4161 -·
758 4118 805 4171 ein
822 4115 936 4174 leichtas
953 4114 1102 4189 gosseno.
1188 4128 1191 4136 ’
