2959 4750
611 307 663 323 ...-
712 281 841 353 5·’...

197 462 885 562 Schlciermachero,'philosophorum
913 470 1254 566 neoplat'onicorum

130 669 132 676 y
196 589 418 674 editoribus,
452 585 553 674 aliis,
588 585 718 655 studiis
743 589 934 681 frugiferis
958 605 1112 665 tractata
1137 606 1193 664 est
1206 591 1255 667 'ct

192 705 385 773 illustrata.
435 698 484 770 At
496 699 596 790 justo
615 702 754 773 diutius
767 705 877 795 plane
893 706 1007 797 jacuit
1022 710 1136 781 altera
1152 711 1254 800 ejus-

192 821 278 890 dem
304 819 518 912 disciplinae
541 818 739 910 particula,
773 824 867 914 quae
900 824 940 892 in
963 822 1078 918 ‘poesi
1093 821 1253 920 'antiqua
1364 822 1367 827 ⁵

192 936 411 1031 exponenda
430 945 609 1007 versatur.
661 937 912 1031 Quotcunque
937 942 1036 1010 enim
1059 954 1254 1034 poetarum

190 1067 270 1125 tum
294 1074 511 1152 graecorum
535 1062 616 1120 tum
641 1061 881 1142 romanorum
900 1055 1152 1148 inspiciuntur
1168 1061 1252 1129 edi-

188 1173 310 1241 tiones
335 1181 373 1241 et
399 1170 665 1258 commentarii,
691 1171 814 1263 primo
829 1170 962 1241 obtutu
976 1187 1140 1266 apparet,
1168 1177 1251 1246 edi-
1312 1253 1321 1264 ,

187 1299 288 1358 tores
312 1289 485 1358 animum.
500 1285 547 1354 ad
577 1283 650 1356 hoc
675 1287 943 1397 interpretandi
977 1313 1095 1381 genua
1120 1293 1251 1387 appel-

187 1407 266 1476 lere
290 1415 353 1474 aut
377 1402 558 1492 noluisse'
575 1414 638 1472 aut
671 1404 893 1497 nequivisse.
943 1405 1091 1478 Primus
1124 1410 1250 1500 igitur,

187 1533 365 1614 quantum
381 1543 451 1589 nos
467 1521 780 1611 quidem'soimus,
807 1521 871 1614 qui
893 1543 1005 1592 sensu
1023 1523 1181 1617 quodam
1204 1524 1252 1593 ad

185 1637 471 1732 pulcritudinem
495 1635 677 1728 poeticam
696 1649 732 1708 et
747 1636 1050 1717 considerandam
1064 1652 1113 1722 ⁴et
1129 1640 1249 1731 signi-

184 1755 364 1826 ficandam
389 1753 566 1824 adductus
581 1764 647 1842 est,
674 1751 861 1848 Heyuius,
886 1752 946 1823 vir
964 1752 1127 1824 ¹illustria
1145 1779 1187 1823 ac
1203 1755 1260 1835 de¹

183 1875 399 1964 antiquitate
416 1870 690 1960 meritissimus,
716 1867 985 1959 annotationes,
1014 1895 1103 1963 quas
1120 1870 1250 1939 dicunt

184 1988 418 2076 aestheticas,
443 1981 612 2055 Homero
639 2007 705 2053 suo
732 1986 898 2077 aspersit,
927 2008 1146 2078 quamquam
1171 1989 1247 2054 suis

182 2101 506 2194 exclamationibus
551 2098 682 2188 ,',Heus
715 2103 778 2190 tu',
810 2099 946 2189 lector,
981 2122 1091 2194 quam
1123 2101 1245 2193 'pulcri

181 2245 323 2308 versus,
349 2225 469 2311 quam'
485 2216 644 2305 venusti,
672 2241 782 2310 quam
797 2217 969 2286 omnibus
993 2218 1158 2288 numeris
1175 2217 1253 2285 ab-'

147 2349 151 2355 ’
181 2332 317 2411 soluti“
329 2335 395 2403 ·i11i
419 2333 569 2426 antiquo
594 2333 778 2405 desiderio
803 2334 1021 2407 satisfacere
1037 2335 1140 2405 nullo
1157 2359 1259 2419 mo<

181 2460 229 2528 do
254 2463 410 2549 poterat.
461 2449 612 2517 Summa
635 2471 725 2519 vero
750 2450 830 2518 laus
854 2449 926 2518 hoc
951 2449 1105 2520 nomine
1125 2450 1242 2521 tribui

180 2574 289 2643 debet
308 2567 525 2660 ‚Lessingio,
558 2564 773 2637 Laocoonte
799 2592 866 2638 suo
892 2567 1047 2661 aliisque
1070 2570 1112 2635 in
1137 2567 1241 2635 libris

177 2688 304 2775 multa,
320 2706 422 2777 ‘quae
446 2684 519 2751 huc
542 2682 745 2771 pertinent,
772 2687 918 2776 egregie
943 2683 1173 2776 disceptanti,
1200 2693 1239 2753 et

176 2804 293 2874 nobili
318 2802 475 2871 fratrum
498 2796 591 2889 pari,
617 2794 810 2866 Friderioo
837 2810 875 2868 et
889 2797 1056 2892 Augusto
1075 2798 1237 2867 Guiliel-

176 2947 237 2991 mo
264 2915 489 3009 Schlegeliis,
514 2937 672 3006 quorum
696 2912 759 2983 ille
783 2916 1013 3003 universam,
1040 2938 1150 3008 quam
1175 2913 1238 2982 di-

176 3048 284 3125 cunt,
309 3034 555 3102 litteraturam
581 3018 815 3101 enarratione
828 3042 1019 3123 ‘perquam
1044 3032 1237 3121 ingeniosa

175 3142 388 3242 complexus
406 3157 473 3235 est,
499 3141 562 3215 hic
574 3147 706 3240 poesin
723 3146 958 3217 dramaticam
973 3148 1094 3215 indea
1110 3145 1235 3213 Grae-

114 3352 116 3355 ·
176 3270 227 3351 cis
252 3266 298 3334 ad
324 3254 549 3334 recentiores
573 3258 731 3355 poptdos
759 3254 875 3359 usque
900 3267 953 3335 ita
979 3263 1174 3356 explicavit
1198 3273 1235 3330 et

84 3430 87 3437 .
172 3382 387 3468 illustravit,
426 3390 470 3449 ut
501 3380 661 3468 nescias,
705 3390 833 3450 utrum
867 3380 1057 3450 doctrinae
1090 3379 1233 3470 copiam

171 3492 288 3591 paene
312 3498 529 3561 immensam
554 3518 601 3558 an
626 3495 767 3580 ingenii
795 3495 1047 3562 felicissimum
1078 3494 1232 3560 acumen

172 3636 220 3683 an
254 3610 413 3701 denique
445 3605 593 3696 generis
626 3603 773 3672 dicendi
806 3603 1023 3696 elegantiam
1057 3613 1094 3674 et
1117 3626 1230 3695 prae-

173 3728 343 3799 stantiam
367 3722 482 3813 magis
508 3718 709 3789 admireris.
759 3715 809 3789 At
834 3720 933 3789 enim
956 3741 1046 3794 vero
1065 3742 1140 3811 quo
1166 3719 1230 3810 ju-

173 3845 288 3915 stiore
336 3840 582 3930 uberioreque
632 3835 740 3904 laude
779 3833 821 3903 hi
861 3834 935 3907 viri
982 3836 1231 3926 prosequendi

172 3972 276 4049 sunt,
301 3950 404 4031 tanto
430 3954 575 4047 gravius
600 3963 638 4031 et
659 3950 913 4024 vehementius
937 3949 976 4019 id
1000 3948 1228 4019 stomachum
1316 3930 1324 3949 ’

173 4052 317 4165 excitat,
344 4072 441 4166 quod
464 4082 652 4142 tantorum
669 4065 961 4158 coryphaeorum
976 4065 1138 4155 vestigiis
1152 4075 1227 4133 tarn
