2959 4750
654 291 918 370 ..--62-.-

258 503 376 566 strum
415 486 782 582 misericordiamque
824 486 1067 574 vehementer
1084 541 1086 550 .
1106 490 1322 571 excitarent.
1364 475 1367 482 ¹

257 608 457 688 Utautem
483 587 612 701 lovem
636 615 885 698 spectatorum
905 603 1019 672 animi
1044 602 1250 696 fastidiant,
1267 596 1322 676 eo

260 723 437 810 efficitur²
462 720 563 814 quod
577 717 678 804 Ionis
702 720 858 814 virginis
876 719 997 790 bonae
1022 732 1060 792 et
1073 721 1231 791 insontis
1246 721 1323 790 mi-

257 819 374 922 seriae
399 861 448 916 en
472 835 604 916 eodem
619 835 711 911 Jove
737 838 918 931 originem
940 838 1099 908 traxisse
1113 849 1323 926 narrantur.

132 959 134 963 ’
257 943 372 1048 Cujus
397 953 620 1050 quamquam
634 951 797 1048 Jupiter,
822 967 866 1025 ut
879 949 1007 1026 Ovidii
1029 953 1152 1050 verbis
1177 964 1326 1052 utamur

256 1069 504 1164 Metamorph.
521 1069 540 1137 I
547 1120 559 1158 ,
595 1067 680 1162 boo,
722 1073 948 1164 „tenuitque
980 1069 1106 1162 fitgam
1128 1071 1326 1164 rapuitque

256 1181 494 1284 pudorem‚“
524 1195 669 1277 tamen,
706 1198 751 1258 ut
781 1188 881 1261 idem
904 1176 1005 1256 Naso
1033 1209 1111 1268 non
1135 1187 1326 1258 irridicule

258 1315 489 1376 commentus
522 1313 579 1372 est
611 1300 658 1372 V.
677 1302 762 1390 754
784 1327 863 1396 sqq.
897 1303 1151 1394 circumvagae
1181 1303 1325 1393 puellae

258 1421 440 1492 cmciatus
464 1416 636 1510 precibus
655 1417 795 1487 Junoni
813 1418 906 1489 susis
924 1419 976 1487 ita
993 1416 1113 1486 lenire
1134 1418 1275 1490 studuit
1305 1458 1309 1464 ·

333 1579 511 1672 Conjugis
527 1579 590 1650 ille
606 1603 694 1651 suae
710 1578 923 1674 complexus
940 1578 1033 1650 colla
1046 1579 1204 1669 lacertis,

332 1697 460 1768 Finiat
471 1706 514 1766 ut
527 1719 666 1787 poenas
679 1698 848 1785 tandem,
873 1706 980 1788 rogat
990 1719 998 1764 ε
1010 1695 1143 1790 ΙΙοριιο
1155 1686 1324 1774 futurum

332 1812 437 1881 Pone
452 1821 584 1902 metus,
609 1813 741 1905 inquit,
763 1834 965 1904 numquam
981 1811 1050 1882 tibi
1065 1835 1174 1881 causa
1184 1813 1325 1887 doloris
1368 1829 1372 1835 “

332 1927 438 1998 Haec
456 1927 527 1995 erit
533 1950 544 2019 3
570 1939 607 1997 et
623 1925 768 2021 Stygias
784 1927 889 2019 jubet
902 1926 975 1996 hoe
994 1927 1122 1997 audire
1135 1929 1298 2023 paludes.

256 2092 314 2164 Ita
339 2091 372 2160 si
396 2111 465 2160 nec
482 2088 749 2159 Prometheum
774 2110 844 2158 nec
867 2086 997 2162 dorem
1022 2089 1140 2182 justos
1165 2116 1207 2162 ac
1232 2117 1325 2187 per-

255 2209 374 2282 fectos
407 2230 429 2275 a
462 2216 572 2298 poeta
606 2205 770 2298 depictos
805 2227 886 2273 esse
909 2205 1165 2299 intelligimus,
1205 2231 1253 2301 ex
1278 2236 1323 2283 eo

258 2323 514 2417 consequitur,
541 2345 682 2393 numen
706 2331 856 2417 poetam
880 2333 1097 2395 veneratam
1123 2347 1221 2416 esse,
1252 2327 1323 2400 diis

256 2444 486 2533 deorumque
510 2440 679 2530 principe
702 2440 814 2531 longe
839 2450 878 2508 et
902 2439 1035 2508 castius
1062 2451 1100 2510 et
1122 2447 1323 2532 potentius.

255 2556 442 2631 Discimus
469 2564 591 2622 autem
606 2552 762 2643 Fatum,
788 2555 891 2644 cujus
916 2577 957 2622 se
982 2564 1020 2652 et
1043 2552 1134 2626 Jove
1158 2564 1324 2638 sanctim,

255 2652 338 2748 rem
361 2681 582 2765 potestatem
605 2669 778 2741 lubenter
808 2670 974 2767 agnoscit
997 2670 1242 2746 Prometheus
1274 2677 1322 2751 V.

258 2785 486 2862 eso-524.

381 2931 424 3009 od
449 2933 568 3007 ταῦτα
591 2928 708 3031 ταύτῃ
731 2927 847 3032 μοῖρά
870 2961 926 3008 nn
950 2926 1170 3030 τελεσφόρος·

380 3048 511 3151 ιιρᾶιαι
533 3053 740 3152 πέπρωται,
763 3048 910 3149 μυρίαις
934 3052 972 3127 δὲ
995 3058 1175 3152 πημοναῖς

310 3225 312 3231 .
380 3159 482 3248 δύαις
507 3171 544 3241 δὲ·
568 3170 751 3261 scuchale
777 3164 846 3239 ὦδε
869 3159 987 3258 denuo?
1010 3162 1192 3261 φυγγάνω.
1312 3222 1315 3227 -

380 3284 485 3379 τέχνη
511 3276 541 3353 δ’
563 3275 714 3380 ιῖιοῖμιης
738 3275 988 3377 decessorem
1009 3282 1146 3380 μακρῷ.

254 3426 308 3505 Ac
330 3428 468 3509 ,Fatum
502 3429 572 3499 diis
604 3453 685 3501 esse
717 3430 879 3500 sanctius
913 3440 951 3500 et
982 3430 1194 3527 augustius,
1235 3435 1321 3507 ida

254 3547 382 3643 populi
409 3547 590 3617 sententia
615 3568 692 3616 non
720 3544 942 3619 abhorrebat
956 3543 1011 3641 *),
1054 3572 1175 3641 neque
1206 3552 1321 3644 igitur

252 3664 345 3737 haec
369 3684 439 3755 pro
464 3661 598 3731 idonea
622 3683 729 3731 causa
760 3662 890 3732 haberi
915 3673 1056 3755 potest,
1103 3689 1217 3757 quare
1241 3664 1320 3737 Ae-

256 3778 427 3871 schylum
438 3775 627 3871 religionis
639 3788 774 3851 statuta
786 3788 823 3851 et
833 3777 966 3872 placita
975 3779 1124 3851 laesisse
1133 3793 1319 3875 putemus.

255 3936 465 3958 m-

288 4022 314 4093 1)
337 4020 380 4089 Ita
403 4016 567 4073 Herodotus
584 4018 613 4087 1,
636 4036 680 4092 9¹·
702 4015 756 4090 τήν
771 4024 955 4095 mperatum
982 4025 1086 4096 μοίρην
1113 4018 1238 4083 &diversi
1259 4021 1318 4083 ἔστι

338 4100 505 4177 οἷποφογέειν
520 4110 567 4162 καὶ
581 4102 622 4174 τῷ
641 4103 712 4175 θεῷ’.
