2959 4750
665 309 917 388 ¹³affin.

260 507 403 576 Sensim
430 505 638 596 sensimque
661 498 1013 577 timoreconfioitur
1039 513 1077 573 et
1101 504 1265 577 convicia
1278 506 1319 572 in

259 625 388 694 Jovem
414 619 537 712 eloqui
562 619 708 691 desinit.
760 621 883 692 Etiam
908 621 1102 692 consilium
1126 622 1172 691 de
1186 622 1319 692 mode-

258 735 373 808 randa
406 735 464 803 ira
485 738 597 805 iterat
622 734 669 808 V.
691 735 778 825 964.
803 737 890 826 966.
915 737 1001 826 968.
1027 758 1112 828 970.
1136 757 1241 827 972„
1285 749 1322 807 et

258 863 452 947 postquam
485 849 694 922 Mercurius
730 853 917 946 precibus·
937 867 975 925 et
1006 854 1117 922 minis
1150 854 1322 924 adhibitis

258 967 523 1039 Prometheum
547 967 599 1036 ita
623 967 774 1039 flectere
799 980 950 1040 conatus
977 981 1093 1059 erat,
1112 981 1155 1040 ut
1178 981 1322 1063 myste-

258 1086 315 1156 ria
340 1083 387 1154 de
410 1082 768 1176 Jove-exponentia,
806 1107 964 1176 quaese
995 1087 1089 1154 scire
1112 1087 1321 1176 jactaverat,

259 1199 396 1288 ederet,
422 1201 642 1292 sententiam
667 1201 741 1271 fert
762 1202 961 1289 mitiorem,
988 1226 1060 1292 qua
1076 1199 1217 1269 edenda
1230 1222 1322 1287 esse,

259 1339 353 1410 quae
375 1316 631 1407 requirantur,
658 1325 785 1386 censet
809 1309 871 1407 (V.
892 1310 1193 1407 1072-1075l·
1242 1314 1322 1385 lam

259 1431 541 1522 Necropompus
566 1453 652 1504 eum
677 1431 870 1520 admouet,
895 1444 938 1501 ut
961 1431 1321 1524 recensa-quoniam

235 1565 397 1640 poena,
439 1548 648 1640 extempulo
681 1550 879 1642 pendenda
909 1548 1152 1638 Prometheo,
1192 1548 1226 1615 si
1255 1569 1323 1615 re-

260 1662 384 1755 ceptui
407 1683 485 1731 non
511 1676 678 1754 caneret,
719 1691 805 1737 eum
839 1667 949 1737 etiam
973 1667 1096 1757 ipsum
1121 1665 1170 1734 sit
1192 1663 1322 1756 perdie

259 1789 373 1848 tura.-
411 1772 460 1844 At
492 1800 583 1847 vero
609 1779 756 1850 Chorus
790 1783 861 1851 sibi
892 1781 987 1850 nihil
1019 1780 1135 1872 magis
1169 1793 1323 1848 exossam

260 1879 339 1966 esse
365 1891 472 1980 dicit,
515 1884 623 1986 quam
656 1897 814 1966 amictam
845 1899 886 1966 in
913 1897 1116 1966 calamitate
1141 1895 1323 1962 deserere.

258 2013 362 2086 Dum
386 2009 499 2100 igitur
521 2012 748 2081 remanendo
774 2025 812 2082 et
836 2037 910 2082 una
935 2037 1020 2082 cum
1044 2013 1107 2082 illo
1127 2009 1323 2083 inroretur

258 2125 436 2201 irruendo
453 2125 561 2194 amici
587 2127 679 2194 certi
703 2151 746 2196 ac
770 2127 889 2198 fidelis
915 2130 1125 2222 exemplum
1148 2127 1325 2218 proponit

260 2240 616 2336 splendidissimum,
643 2265 683 2310 se
706 2254 849 2335 tamen,
900 2247 1012 2338 uippe
1027 2247 1092 2338 qui
1105 2243 1322 2313 anteaPro-

257 2359 449 2466 matheum
473 2367 627 2450 propter
653 2357 792 2445 crimen
815 2361 935 2433 laesae
959 2344 1156 2455 majestatis
1172 2361 1323 2452 vitupe-

261 2477 431 2561 ravisset,
473 2472 624 2543 deserit
642 2475 723 2564 ipse
756 2488 794 2546 et
826 2482 1064 2567 sententiam,
1106 2487 1194 2545 aute
1227 2498 1254 2543 a.
1280 2498 1321 2545 ss

260 2591 485 2684 expositam,
512 2610 579 2659 suo
593 2589 722 2681 ipsius
747 2589 914 2665 debilitat
937 2594 1106 2688 exemplo
1118 2602 1236 2684 atquc
1245 2612 1322 2668 an,-

259 2711 377 2803 tiquat
395 2701 468 2799 2⁰).
573 2706 577 2772 ξ

263 2900 471 2919 m

330 3010 373 3079 ²⁰)
394 3006 484 3061 Chori
501 3006 722 3061 inconstantiam
747 3016 775 3085 et
791 3008 963 3066 debilitatem
980 3010 1129 3067 defendere
1147 3021 1266 3067 conatus
1283 3023 1326 3067 est

262 3086 452 3150 Blucninerus
469 3090 489 3145 l.
508 3090 528 3150 l.
547 3110 577 3165 p.
595 3112 667 3161 110.‚
689 3091 741 3147 hac
765 3093 795 3147 iu
812 3089 910 3151 fabula
927 3093 1057 3152 Chorum
1074 3098 1176 3171 primis
1193 3097 1323 3170 partibus

261 3180 452 3233 infirmiorem
473 3194 529 3229 esse
548 3178 708 3249 oportuisse
726 3176 885 3251 disputans.
921 3184 963 3236 Ea
983 3201 1052 3236 vero
1070 3202 1154 3237 causa
1171 3194 1246 3240 certe
1262 3202 1323 3237 non

261 3266 336 3334 justa
352 3272 428 3328 erat,
446 3277 498 3313 cur
513 3259 641 3327 Chorus,
668 3270 762 3315 tantas
778 3265 938 3337 tragoediae
958 3277 1054 3337 partes
1066 3286 1165 3339 agens,
1189 3255 1323 3324 naturam

261 3366 342 3403 auam
353 3354 476 3400 exueret.
511 3342 588 3398 Vera
605 3344 682 3399 enim
696 3356 779 3416 suut,
797 3368 871 3422 quae
884 3348 1038 3405 Schillerus
1053 3345 1170 3427 exponit
1183 3342 1324 3411 Praei-'ad

260 3442 396 3509 apdnsam
423 3430 593 3485 Messaniam
618 3432 737 3487 seorsim
761 3435 866 3489 editam
890 3434 1015 3507 Tubing.
1038 3436 1075 3489 A.
1092 3432 1164 3493 1865.
1191 3429 1322 3511 pssx111.:

262 3516 437 3595 „Dadurch,
459 3509 520 3569 dass
539 3515 589 3569 der
607 3516 685 3570 Chor
703 3517 749 3572 die
764 3518 848 3575 theile
866 3540 917 3575 aus
932 3521 1069 3576 einander
1086 3518 1162 3579 haelt
1178 3526 1238 3579 und
1255 3528 1325 3582 zwi'-

261 3606 348 3663 echan
370 3604 414 3657 die
440 3602 593 3674 passionen
615 3603 668 3655 mit
688 3606 782 3659 seiner
805 3606 1018 3676 beruhigenden
1043 3608 1233 3679 betrachtung
1254 3611 1325 3679 tritt,

261 3688 340 3765 giebt¹
356 3707 387 3743 er
405 3704 459 3739 uns
477 3702 580 3739 unsere
596 3684 705 3739 freiheit
724 3690 863 3757 zurueck,
893 3688 938 3742 die
961 3688 1002 3742 im
1026 3699 1118 3746 sturm
1143 3690 1194 3745 der
1220 3693 1324 3749 affekte

262 3775 395 3829 verloren
418 3770 507 3843 gehen
524 3772 665 3828 wue1·de.“
683 3782 718 3816 ·-·'
735 3775 811 3843 „Die
829 3782 987 3847 gegenuart
1006 3774 1054 3828 des
1071 3773 1186 3845 Chora,
1216 3777 1267 3831 der
1284 3780 1325 3833 als

261 3862 309 3915 ein
325 3855 489 3913 richtender
506 3874 591 3929 zeuge
608 3858 725 3924 sie(die
741 3864 901 3930 personen)
919 3861 1089 3929 veruimmt‚
1119 3862 1181 3915 und
1205 3862 1250 3915 die
1273 3880 1323 3916 er-

211 3944 214 3949 ’
261 3956 324 4001 sten
346 3941 521 3999 ausbrueche
538 3942 624 3997 ‘ihrer
647 3942 830 3998 leidenschall
850 3942 942 3998 durch
965 3946 1040 4018 scine
1066 3944 1324 4001 dazwischeultunst

261 4029 409 4101 haeudigt‚
433 4028 564 4081 motivirt
587 4028 868 4098 diebesonnenheit,
892 4029 945 4084 mit
962 4030 1013 4084 der
1036 4033 1076 4084 sie
1092 4030 1231 4100 handelng
1252 4032 1322 4085 'und

264 4112 309 4167 die
327 4113 454 4183 uuerde,
484 4113 537 4168 mit
560 4113 611 4168 der
634 4114 675 4169 sie
697 4114 814 4174 redem‘
855 4116 1013 4188 nequimus
1037 4116 1126 4187 igitur
1149 4118 1322 4173 Bluemnero
