2959 4750
483 1391 933 1487 PRAEFATIO.
1039 1402 1041 1411 '

178 1675 442 1812 perlongum
466 1726 613 1812 tempus
640 1721 681 1791 in
696 1680 739 1792 eo
766 1720 949 1814 imprimis
974 1721 1238 1794 laboraverunt

176 1833 376 1928 philologi,
418 1845 461 1906 ut
492 1858 561 1929 per
592 1849 798 1909 accuratam
823 1839 880 1908 rei
911 1838 1170 1940 grammaticae
1201 1850 1239 1910 et

175 1950 490 2044 lexicographicae
516 1953 810 2044 disquisitionem
836 1966 874 2024 et
898 1956 1166 2048 expositionem
1191 1959 1252 2027 ad¹

176 2067 401 2158 scriptorum
415 2092 633 2160 graecorum
648 2093 761 2162 opera
785 2069 1024 2161 intelligenda
1037 2066 1237 2144 lectoribus

176 2183 316 2252 aditum
340 2167 600 2277 patefacerent.
651 2180 774 2277 Atque
792 2208 864 2277 quo
883 2198 940 2256 est
954 2187 1091 2256 certius
1109 2199 1148 2258 et
1164 2213 1236 2260 ex-

173 2299 367 2394 ploratius,
393 2302 617 2397 populorum
631 2301 868 2396 antiquorum
884 2301 1075 2396 ingenium
1093 2314 1236 2379 totam·

176 2441 248 2511 que
256 2418 417 2509 vivendi,
434 2419 617 2514 cogitandi
632 2420 839 2511 agendique
852 2422 1035 2496 rationem
1051 2443 1071 2486 a
1086 2424 1237 2494 nornine

175 2558 284 2630 posse
310 2536 492 2629 cognosci,
519 2534 593 2605 nisi
613 2536 676 2629 qui
700 2535 871 2623 formam,
897 2556 970 2626 qua
986 2515 1043 2604 est
1056 2533 1234 2632 involuta,

123 2658 127 2665 “
175 2654 426 2746 perspexerit,
454 2675 497 2720 eo
512 2652 635 2722 minus
660 2655 700 2721 in
716 2650 1045 2744 reprehensionem
1070 2651 1236 2727 incidere

174 2780 348 2864 possunt,
385 2768 448 2860 qui
478 2765 549 2835 hoc
573 2765 891 2860 propugnaculum
924 2767 1087 2856 primum
1113 2793 1235 2863 expu-

175 2886 361 2981 gnandum
395 2908 475 2955 esse
507 2895 679 2980 putantes
713 2883 754 2952 in
788 2904 832 2952 eo
864 2882 1091 2983 antiquitatis
1122 2890 1236 2963 studii

173 3004 321 3074 initium
345 3002 554 3075 faciendum
578 3002 691 3095 idque
723 3000 788 3070 diu
818 2998 1051 3093 multumque
1082 3010 1233 3081 tracmri

121 3212 124 3217 ι
174 3120 310 3191 debere
335 3129 540 3191 censerent.
588 3118 634 3189 Id
666 3128 790 3191 autem
814 3130 858 3190 ut
882 3118 936 3197 illi
965 3132 1067 3193 recte
1090 3146 1233 3219 suoque

174 3238 256 3331 jure
278 3237 473 3329 jubebant,
507 3236 558 3307 ita
583 3238 772 3309 nonnullis
796 3237 1012 3309 nominibus
1046 3238 1074 3310 ii
1098 3242 1233 3312 aeriter

173 3355 408 3447 vituperandi
440 3376 521 3425 esse
544 3354 738 3447 videntur,
774 3356 837 3450 qui
867 3355 1077 3447 linguarum
1109 3358 1232 3429 studio

172 3473 382 3563 antiquitati
404 3471 664 3563 intelligendae
680 3471 850 3542 satisfieri
873 3472 943 3541 sibi
958 3488 1233 3564 persuasenmt.

174 3588 406 3679 Quamquam
438 3580 539 3652 enim
572 3588 811 3676 granmratioa
842 3596 880 3651 ct
913 3602 1007 3671 quae
1038 3587 1075 3651 ei
1106 3584 1233 3659 affines

173 3715 261 3775 sunt
285 3700 497 3799 disciplinae
523 3700 828 3795 conjunctaeque,
856 3698 1018 3791 optimae
1038 3712 1125 3772 sunt
1139 3728 1232 3775 acu·
1260 3726 1263 3731 ·

173 3824 283 3893 minis
309 3833 346 3893 et
369 3819 511 3913 ingenii
536 3818 647 3889 duces
664 3820 943 3912 magistraeque,
968 3826 1105 3910 tamen,
1131 3834 1233 3892 certe
1355 3874 1359 3881 ι

174 3940 206 4009 ai
231 3962 382 4033 graecae
407 3960 657 4031 romanaeque
682 3936 912 4029 antiquitatis
926 3933 1091 4006 studium
1107 3941 1231 4031 respi-
1358 4033 1361 4038 ἱ

175 4059 247 4148 cis,
274 4080 334 4127 eas
361 4078 437 4125 non
463 4054 536 4124 nisi
560 4056 600 4123 in
624 4052 827 4148 propylaeo
851 4052 1017 4122 habitare
1041 4053 1231 4124 latendum
1277 4058 1284 4073 '

175 4186 240 4248 est.
287 4175 376 4247 Duo
401 4195 491 4248 vcro
517 4182 622 4263 sunt,
649 4169 793 4265 quibus,
818 4167 929 4239 modo
954 4170 1030 4239 sint
1044 4168 1137 4239 illae
1161 4173 1232 4240 ad-

945 4281 1028 4365 .1*
