2959 4750
578 320 831 390 ...31-

172 509 259 599 alia,
302 506 374 575 nisi
400 528 494 596 quae
525 504 683 574 fortasse
707 513 912 596 tanguntur
944 505 985 573 in
1012 508 1235 580 carminibus

158 618 409 695 Homericis?
436 615 468 712 ⁸)

272 744 466 810 Praeterea
484 738 622 808 dixerit
639 739 832 831 quispiam,
857 741 1005 833 longam
1030 742 1129 810 illam
1144 766 1237 812 nar-

168 861 350 929 rationem
376 883 420 927 eo
447 858 568 926 minus
595 859 786 926 ferendam
805 881 895 945 esse,
920 885 993 952 quo
1019 861 1127 950 plura
1143 887 1237 954 geo-

170 977 345 1070 graphiae
360 987 481 1043 rectae
504 976 676 1043 scientiae
693 977 937 1066 repugnantia
960 978 1012 1045 ibi
1037 977 1236 1048 invenian-

169 1105 231 1162 tur
250 1088 298 1184 9).
350 1093 434 1162 Tali
449 1116 538 1163 vero
563 1092 839 1182 reprehensori,
865 1095 992 1184 prouti
1016 1098 1137 1186 poesis
1164 1123 1236 1167 an-

168 1213 291 1303 tiquae
325 1211 507 1302 imprimis
542 1209 772 1277 Graecorum
803 1211 919 1278 totius
953 1214 1138 1282 sentiendi
1170 1201 1264 1284 ra-'

167 1328 280 1396 tionis
307 1328 435 1418 ignaro
461 1326 679 1420 responderi
705 1325 833 1415 debet,
871 1330 922 1397 ita
948 1354 1033 1397 cum
1058 1354 1125 1398 suo
1151 1332 1174 1400 i.
1202 1357 1235 1402 e.

170 1445 343 1514 hodierni
376 1445 538 1513 hominis
571 1444 725 1511 modulo
759 1446 895 1513 metiri.
946 1445 1025 1515 Nos
1053 1449 1153 1516 enim
1176 1449 1237 1519 vel

170 1561 210 1627 in
235 1563 340 1652 poesi
368 1586 548 1628 summam
575 1561 849 1650 expostulamus
884 1564 916 1630 si
942 1585 1020 1630 non
1045 1566 1259 1637 veritatem

172 1689 298 1746 tamen
324 1677 695 1764 verisimilitudinem,
723 1677 758 1743 ei
782 1703 875 1769 quae
902 1680 1169 1770 contradicunt,
1197 1695 1239 1754 ut

170 1777 321 1864 e'seriis
349 1794 571 1887 disciplinis,
598 1796 649 1862 ita
673 1793 733 1865 vel
759 1817 806 1862 ex
827 1798 1062 1886 carminibus,
1091 1810 1190 1868 certe
1216 1823 1237 1869 e

168 1911 369 2002 tragoediis
396 1913 573 2004 ejicienda
600 1935 678 1980 esse
693 1935 896 1981 censemus.
947 1915 1101 1984 Graecis
1126 1917 1237 2010 longe

168 2055 378 2078 ..,............

239 2121 267 2188 ⁸)
298 2119 453 2172 Velclrcrns
473 2117 493 2174 l.
511 2117 531 2172 l.
555 2137 585 2189 p.
594 2118 647 2170 as.
672 2104 747 2170 hanc
769 2110 941 2172 narrationis
965 2118 1174 2194 longitudinem
1198 2125 1237 2180 ita

167 2203 314 2258 defendere
332 2203 439 2269 studet,
463 2213 496 2255 ut
513 2221 573 2256 eam
591 2213 619 2256 et
636 2205 762 2275 partium
781 2205 963 2274 symmetriae
981 2210 1135 2274 convenire
1153 2210 1238 2276 dicat,

168 2299 196 2343 et
213 2289 375 2342 Promethei
401 2289 619 2362 praescientiam
643 2299 880 2343 commonstrare.
926 2291 966 2344 Aa
989 2311 1058 2346 vero
1083 2296 1237 2352 videndum

168 2385 210 2429 est
233 2377 340 2448 poetis,
368 2384 400 2427 ut
424 2386 520 2446 partes
544 2374 670 2447 singulas
694 2365 769 2449 aptis
792 2386 819 2427 et
842 2377 951 2429 idoneis
974 2379 1063 2431 rebus
1088 2380 1237 2452 impleant.

166 2462 293 2533 Longior
311 2462 386 2514 enim
404 2459 472 2513 haec
490 2477 623 2513 errorum
643 2460 796 2535 descriptio
821 2470 875 2528 est,
902 2480 989 2532 quam
1014 2482 1087 2535 quae
1106 2466 1140 2518 ad
1160 2466 1238 2519 Pro-

166 2547 270 2601 methei
295 2548 436 2600 fatidicam
459 2555 593 2599 naturam
621 2546 868 2619 comprobandam
892 2548 1098 2621 expostuletur.
1143 2552 1237 2607 Etiam

167 2634 317 2687 Jacobsius
335 2634 410 2685 Mus.
430 2634 490 2685 nu.
509 2639 580 2683 tom.
598 2632 648 2687 111.
666 2652 694 2701 p.
715 2635 776 2687 343.
794 2636 970 2687 narrationis
987 2634 1162 2704 longitudini
1181 2654 1237 2708 pa-

166 2720 337 2774 trocinatur.
374 2716 416 2770 lta
434 2718 510 2769 enim
529 2714 606 2777 fieri,
624 2723 657 2766 ut
674 2726 868 2785 spectatorum
886 2718 991 2786 animi,
1017 2719 1141 2773 terribili
1160 2722 1238 2777 Pro·

166 2805 270 2860 methei
298 2802 426 2857 cruciatu
455 2798 549 2854 affecti
576 2807 603 2851 et
631 2797 771 2870 defatigati
804 2803 983 2875 acquiescant
1009 2814 1037 2857 et
1060 2816 1237 2863 recreentur.

167 2892 257 2963 Cujus
273 2891 316 2943 rei
334 2888 496 2960 exemplum
515 2884 614 2939 afferri
632 2894 726 2956 potest
743 2903 859 2942 carmen
878 2897 978 2960 poetae
996 2888 1162 2957 Caledonii,
1186 2910 1238 2945 eo·-

166 2978 231 3034 dem
250 2976 368 3031 consilio
385 2972 547 3031 narrationi
566 2968 768 3027 Vertherianae
786 2974 938 3030 aeoethto
955 2985 1084 3030 nostrate
1100 2976 1236 3049 interpo-

165 3066 263 3120 situm.
300 3064 339 3117 At
356 3061 428 3114 nihil
446 3059 565 3112 omnino
584 3066 625 3108 est
631 3056 751 3127 ,qund,
776 3059 800 3111 si
818 3060 918 3132 opinio
936 3062 1130 3132 praejudicata
1146 3063 1237 3132 jubet,

167 3132 345 3219 argumentis
363 3155 438 3199 certe
456 3098 677 3216 speciosiorilius
696 3160 784 3213 quam
808 3144 970 3198 verioribus
988 3146 1117 3200 excusari
1137 3146 1239 3200 desen-

168 3235 232 3289 dive
250 3242 380 3305 nequeat.
432 3230 516 3283 Recte
534 3238 630 3283 autem
650 3227 871 3283 Bluemnerus
862 3250 894 3284 in
911 3230 989 3284 libro
1006 3232 1142 3300 aureolo,
1168 3250 1238 3287 ver-

166 3319 269 3375 nacule
287 3317 466 3390 conscripto,
494 3313 540 3367 cui
558 3313 658 3367 titulus
677 3324 730 3369 est:
766 3316 853 3369 Ueler
877 3320 920 3369 die
936 3320 1002 3369 Idee
1019 3321 1067 3371 des
1083 3320 1238 3372 Schicksals

166 3409 197 3460 in
215 3409 266 3458 den
286 3404 454 3475 Tragoedien
474 3402 519 3450 des
535 3401 686 3469 Aeschylos
705 3402 780 3453 1814.
798 3419 827 3473 p.
846 3417 871 3467 9.
906 3398 1114 3470 Tyrwhittum,
1131 3403 1237 3459 Oceani

167 3500 196 3544 et
213 3490 292 3545 Ionis
310 3504 446 3560 personas
463 3481 575 3535 fabulae
593 3502 653 3537 non
672 3495 753 3557 aptas
772 3502 830 3539 esse
851 3483 1025 3553 judicantem
1042 3487 1237 3543 Animadver-

167 3546 296 3630 sionibus
314 3572 344 3624 in
363 3566 521 3625 Aristotelis
538 3568 678 3638 poeticam
697 3588 727 3641 p.
748 3575 804 3635 ¹74·
822 3567 969 3620 refutavit.

235 3660 264 3727 ⁹)
281 3658 364 3712 Recte
383 3664 410 3710 et
426 3664 507 3708 acute
524 3650 662 3724 judicavit
671 3651 896 3726 Agatharchides
913 3652 947 3705 de
965 3669 1038 3709 mar.
1056 3653 1140 3711 rubr.
1151 3674 1182 3727 p.
1194 3658 1235 3711 14.

166 3746 209 3799 ed.
228 3746 267 3798 H.
287 3742 385 3814 Steph.
402 3741 485 3796 Phot.
498 3736 639 3792 'Bitttotta
657 3759 686 3812 p.
707 3742 797 3805 1313„
822 3737 1009 3812 quantumvis
1027 3748 1097 3793 esset
1115 3759 1237 3814 geogra-

165 3830 255 3903 phus,
273 3846 358 3901 quem
376 3826 508 3882 scientiae
526 3841 591 3877 suae
608 3824 727 3879 violatio
743 3825 818 3881 male
835 3824 941 3881 habere
959 3834 1085 3899 poterat:
1104 3820 1163 3882 odd*
1177 3826 1236 3883 Aa’-
1254 3878 1256 3882 .

165 3912 263 3983 exsiles
279 3911 450 3992 insulsitas,
466 3909 579 3965 πολλοῖς
595 3905 791 3982 desperantem
806 3920 855 3969 nal
871 3913 963 3971 πολλοὶ
975 3908 1163 3985 conedouera
1179 3912 1237 3967 wis·

164 3998 391 4081 οόογχωρήτοον
373 3994 459 4054 οὐδὲ
482 3996 546 4052 rsit
569 3993 717 4052 ἄλλους’
690 4016 728 4053 ets
745 3995 950 4101 fairlpqssst
930 4020 1004 4071 ayo,
1031 3995 1220 4055 dscsxsvaYs‘
1205 4020 1237 4053 ss·

164 4089 224 4143 τοῖο
241 4081 363 4155 δράμασι
381 4086 535 4153 χρωμένους
552 4076 710 4136 ἀδυνάτοις·
744 4075 790 4137 ’ὅτι
811 4084 866 4140 sris
886 4104 1005 4156 ποιητηο
1026 4082 1237 4157 ψυχαγωγίας
1217 4106 1236 4155 η

165 4168 298 4245 ἀληθείας
314 4168 373 4225 ἐστὶ
391 4164 550 4239 στοχοοτῆς
