2959 4750
600 1377 607 1394 x
673 1341 705 1407 D
728 1341 758 1406 E

200 1503 456 1596 PARTIUM
470 1576 472 1580 .
486 1507 745 1597 FABULAE
776 1440 1228 1599 consonamus.

609 1757 820 1774 -n--n-

180 1871 252 1982 Ex
269 1935 330 2000 ea,
358 1935 467 2004 quem
490 1913 603 2010 modo
629 1879 817 2004 dedimus,
843 1913 988 1995 fabulae
1014 1915 1249 1986 enarratione

179 2039 352 2122 apparet,
392 2021 501 2121 quain
531 2010 692 2122 simplex
720 2033 768 2099 sit
796 2032 959 2123 partinlu
986 2011 1171 2122 conjuctio
1201 2029 1245 2125 ³).

247 2299 273 2366 ⁸)
292 2291 486 2350 Nihilominus
503 2315 562 2351 non
578 2306 619 2351 est
630 2296 769 2364 dubium,
787 2307 982 2370 spectatorum
993 2301 1105 2354 animos
1115 2299 1170 2355 hac
1185 2301 1249 2375 ipsa

177 2382 359 2455 simplicitate
376 2382 484 2435 mirum
505 2382 533 2437 in
553 2385 671 2438 modum
695 2402 753 2437 esse
775 2384 939 2450 delectatos,
963 2385 1103 2457 impulsos
1121 2398 1148 2441 et
1166 2389 1248 2460 quasi

177 2466 213 2522 ad
238 2467 331 2521 sidera
348 2466 484 2521 sublatos.
519 2468 551 2523 ld
568 2479 729 2539 memoratu
754 2468 874 2541 dignum
900 2479 961 2536 est,
991 2470 1016 2523 si
1040 2470 1247 2542 consideratur,

178 2562 286 2624 quanto
309 2571 376 2606 cum
402 2552 523 2622 frigore,
558 2563 668 2626 quanta
700 2570 768 2607 cum
793 2555 962 2608 oscitatione
984 2555 1078 2609 nostri
1108 2556 1247 2629 temporis

180 2638 336 2692 multitudo
355 2638 468 2691 fabulae
485 2657 545 2691 non
557 2642 653 2693 minus
664 2638 788 2710 simplici
802 2658 1018 2713 nervorumque
1033 2658 1169 2693 verorum
1181 2640 1248 2713 ple-

178 2742 232 2778 nae
252 2723 378 2795 agendae
396 2724 554 2787 interesset,
583 2742 670 2795 quam
689 2722 821 2791 Aeschyli
845 2734 886 2777 est
909 2724 1097 2779 Prometheus
1124 2727 1246 2783 vinctus.

178 2812 268 2881 Cujus
285 2806 457 2861 discriminis
475 2824 560 2861 cause
578 2808 608 2860 in
627 2807 783 2880 propatulo
808 2816 859 2862 est.
895 2806 1017 2861 Athenis
1037 2811 1122 2868 enim·
1137 2812 1248 2865 floren-

175 2895 270 2959 tibus,
287 2893 393 2965 ingenii
412 2892 506 2945 cultus
527 2893 680 2965 pulcrique
698 2912 797 2948 sensus
813 2892 927 2946 civibus
950 2894 1010 2947 sere
1035 2896 1171 2950 omnihus
1187 2906 1248 2951 erat

176 2981 348 3045 communis,
366 2980 448 3033 vivus
467 2988 494 3032 et
512 2980 593 3049 qnasi
611 2980 736 3048 innatos,
754 2979 963 3035 hodiernorum
980 2990 1076 3034 antem
1094 2980 1245 3037 hominum

176 3086 237 3121 non
256 3066 310 3118 nisi
329 3082 419 3136 parva
437 3081 505 3135 pars
524 3064 618 3117 studio
631 3084 664 3119 ac
682 3065 780 3118 labore
790 3066 855 3118 illos
864 3066 1033 3135 assequitur.
1070 3067 1165 3135 Quam
1177 3085 1246 3121 vero

177 3151 213 3205 ah
232 3149 281 3201 illa
298 3148 462 3203 excellentia
480 3158 508 3203 et
526 3149 625 3202 native
638 3150 745 3221 ingenii
758 3151 865 3204 virtute
878 3152 941 3220 'jam
952 3150 1065 3203 saeculo
1077 3161 1149 3223 ·post
1157 3151 1248 3205 Athe-

176 3237 287 3290 nienses
304 3234 519 3305 degenerarint,
552 3234 595 3287 vel
614 3236 784 3308 sagacissimi
801 3246 829 3289 et
853 3236 1074 3307 ingeniosissimi
1099 3236 1155 3289 viri
1173 3238 1247 3291 Ari·

107 3310 112 3320 .
175 3322 284 3377 stotelis
301 3320 431 3392 exemplo
449 3320 636 3393 comprobari
655 3331 758 3393 potest.
798 3325 825 3376 Is
843 3324 919 3376 enim
938 3323 967 3374 in
987 3321 1062 3374 lihro
1081 3320 1115 3373 de
1133 3322 1247 3376 Poetica

176 3407 350 3479 Aeschylum
370 3423 430 3459 non
448 3405 502 3459 nisi
520 3407 728 3477 praetereundo
754 3406 849 3461 laudat
868 3416 894 3459 et
912 3424 928 3459 a
946 3404 1109 3459 tabularum
1132 3406 1248 3478 simpli·

176 3496 260 3547 citate
278 3492 362 3561 longe
379 3490 538 3544 abhorrens
557 3494 603 3557 Vl,
620 3496 661 3545 18.
679 3492 746 3563 πρὸς
764 3491 793 3547 δι’
810 3490 926 3557 reiron,
944 3491 1049 3560 inquit,
1066 3491 1101 3545 roi
1118 3498 1246 3562 etymo,

176 3578 217 3635 οἷς
237 3578 396 3649 ψυχαγωγεῖ
412 3572 431 3643 η’
450 3572 603 3644 τραγῳδία,
619 3576 670 3628 τοῦ
685 3572 781 3643 μόθου
799 3580 871 3642 μέρη
890 3573 981 3641 ἐστίν,
999 3575 1247 3641 alteramenta

175 3670 223 3719 stol
241 3660 445 3734 ἀναγνωρίσεις.
482 3658 616 3729 Quocum
635 3657 669 3711 cf.
687 3657 762 3723 Xlll,
776 3678 799 3735 a.
817 3658 946 3713 Omnino
965 3656 1000 3711 de
1018 3657 1179 3711 Aristotelis
1195 3659 1246 3728 ju-

176 3750 251 3803 dicio
270 3746 409 3801 videndus
427 3754 468 3799 est
485 3744 641 3801 Velclrerus
658 3743 678 3797 l.
697 3743 717 3800 l.
739 3762 768 3816 p.
788 3744 847 3797 528.
855 3762 918 3815 sqq.
952 3742 1049 3815 Longe
1068 3752 1143 3796 certe
1160 3742 1252 3799 aliam'

175 3832 308 3904 Aeschyli
325 3824 450 3887 mentem
468 3832 560 3904 aperit
577 3840 678 3884 auctor
690 3832 751 3901 ejus
763 3828 1087 3883 vitaellohortellianaee
1105 3826 1177 3882 κετιὶ
1193 3828 1247 3897 τήν

179 3918 313 3975 σύνθεσιν
329 3918 380 3989 τῆς
396 3917 532 3988 ποιήσεως
550 3916 629 3988 §nini
648 3913 682 3971 εδ
707 3913 796 3983 nidoris*
812 3912 856 3969 aiat
872 3922 918 3969 nol
934 3912 1084 3984 iulooym
1107 3910 1246 3981 ‹inopere-

175 4002 282 4061 ποιΐιιις
296 4027 326 4061 τε
344 4013 391 4062 uel
409 4004 567 4070 ἐπιθέτοις,
585 4004 628 4059 ἔτι
645 3998 674 4056 di
691 4008 738 4056 καὶ
753 4005 925 4071 μεταφοραῖς
941 4007 987 4054 sel
1001 3998 1072 4053 ιιιῖει
1087 4000 1145 4054 τοῖς
1159 3995 1247 4052 dore-

97 4098 100 4107 '
175 4096 271 4161 μένεις
293 4089 376 4163 ‹iynor
398 4088 434 4163 τῇ
456 4085 557 4160 φριίσει
580 4088 739 4159 περιθεῖναι
764 4082 913 4156 ιρῶμενις.
937 4087 999 4141 αἵτε
1027 4081 1169 4140 διαθέσεις
1190 4080 1248 4137 τῶν

177 4166 326 4245 δειμάτων
343 4172 374 4233 oi
385 4172 492 4231 creticis
508 4170 583 4243 αυέᾢ
598 4176 777 4241 περιπετείας
792 4179 839 4227 set
855 4170 961 4229 πλιιιιίς
977 4170 1101 4239 ἔχουσιν,
1117 4163 1154 4224 eir
1169 4163 1249 4237 περιὶ

982 4256 1038 4340 2*
