2959 4750
633 318 692 336 --
737 296 784 364 rr
835 323 916 406 ”1

229 479 452 571 paritoribus
473 477 643 564 obiisset,
670 477 892 574 colloquitur
914 481 977 550 illc
998 505 1082 551 cum
1099 482 1293 555 Oceaniti-

230 595 348 685 dibus,
374 607 454 664 tum
471 595 809 688 advolatOceanus‚
837 622 910 691 quo
924 598 1296 672 confabulanteCho-

232 735 298 780 rus
319 713 422 802 silet,
451 713 602 802 deinde,
629 716 767 807 rejecto
785 717 954 804 Oceano,
979 739 1109 786 rursus
1133 719 1297 811 loquun-

230 839 293 898 tur
311 829 388 917 ejus
405 828 521 920 filiae,
547 845 632 925 post
651 833 802 904 advenit
826 831 888 920 Io,
915 833 1150 924 quaeChoro
1175 839 1297 906 inter-

234 945 323 1014 dum
338 947 600 1038 interpellante
623 961 660 1018 et
682 951 763 1042 ipsa
781 960 909 1019 narrat
934 960 971 1019 et
995 964 1141 1021 narrata
1162 954 1298 1023 aPro-

231 1064 379 1132 metheo
396 1066 537 1154 accipit.
589 1063 694 1154 Abit,
723 1067 845 1134 denuo
863 1065 1027 1157 loquitur
1044 1069 1202 1158 Chorus,
1225 1071 1298 1139 do·-

233 1201 302 1247 nec
317 1179 546 1276 Mercurius,
572 1208 691 1260 novus
714 1195 837 1272 actor,
863 1174 1012 1253 accedit.
1066 1186 1187 1274 Quam
1210 1197 1297 1254 tan-

229 1305 304 1362 tam
320 1297 464 1368 fabulae
481 1301 753 1394 simplicitatem
773 1301 910 1368 multos
925 1301 972 1368 ad
987 1301 1114 1395 iniqua
1128 1304 1174 1371 de
1188 1314 1300 1395 poeta

230 1423 358 1482 nostro
391 1416 526 1506 judicia
556 1417 753 1486 adduxisse
784 1440 862 1485 non
895 1429 950 1487 est
980 1421 1079 1512 quod
1109 1423 1298 1490 miremur.

231 1525 334 1613 Quid
352 1529 478 1602 cuim?
504 1534 750 1605 Prometheus
763 1535 909 1604 vinctus
921 1539 1111 1628 tragoedia
1126 1564 1206 1608 esse
1224 1562 1300 1608 nou

183 1626 207 1656 '⁸'
230 1643 396 1738 videtur,
433 1652 554 1741 agitur
579 1665 721 1740 autom,
753 1665 797 1720 ut
820 1666 877 1721 est
904 1655 944 1721 in
968 1679 1169 1745 puerorum
1197 1657 1300 1744 ludo,

232 1761 296 1826 ubi
313 1754 520 1852 figurarum
539 1767 579 1832 in
597 1768 693 1837 vitro
715 1769 897 1857 pictarum
920 1750 1072 1840 umbrae
1094 1775 1133 1840 in
1158 1775 1300 1866 pariete

232 1873 405 1970 deinceps
419 1893 669 1972 praetereunt.
721 1883 850 1976 ltaque
872 1870 1118 1958 Prometheus
1142 1902 1180 1958 et
1202 1893 1299 1959 Per-

228 2013 289 2060 sae
304 1986 337 2084 *)
355 1995 538 2088 imprimis
556 1997 750 2088 faciebant,
769 2011 806 2068 ct
822 2003 933 2072 etiam
950 2027 1049 2074 nunc
1072 1990 1231 2095 facim,
1258 2017 1301 2078 ut

228 2105 401 2203 Aeschyli
417 2117 606 2206 tragoedia
628 2119 718 2185 artis
745 2117 840 2185 sicut
859 2120 1007 2188 initium
1028 2121 1079 2188 ita
1103 2123 1212 2190 etiam
1234 2124 1299 2190 in-

228 2224 336 2294 docto
351 2230 510 2319 pueritia
529 2255 608 2300 esse
625 2241 850 2331 censeretur.
898 2234 977 2324 Qui
993 2234 1106 2327 igitur
1120 2241 1304 2328 pueritiae

161 2319 163 2328 i
229 2342 390 2415 incultae
405 2345 658 2419 blandimento
685 2351 865 2442 tragicum
881 2361 1050 2422 nostrum
1065 2354 1150 2445 jure
1173 2361 1299 2430 ornari

227 2481 336 2548 posse
353 2462 423 2527 sibi
438 2477 721 2552 persuaserunt,
757 2468 905 2557 egregie
929 2470 1013 2539 risit
1035 2466 1079 2539 A.
1099 2472 1146 2540 G.
1166 2473 1299 2545 Schle-

229 2572 348 2665 gelius
377 2576 548 2669 inquiens
567 2580 675 2681 ⁴libro
705 2605 816 2673 supra
856 2584 1004 2655 laudato
1044 2612 1081 2680 p.
1107 2588 1136 2656 I.
1172 2615 1209 2683 p.
1239 2615 1300 2682 7s.

227 2688 437 2779 „illiadem
464 2692 702 2767 Scheltworte
734 2698 803 2768 der
826 2699 1008 2773 Kindteit
1039 2704 1135 2775 wird
1169 2706 1300 2779 beson-

228 2806 317 2875 ders
343 2808 411 2878 der
436 2812 757 2909 armeAescdylus
772 2815 1015 2911 abgefertigt.
1064 2824 1155 2893 Nun
1171 2830 1301 2899 wahr-

228 2922 322 3007 rich,
348 2926 421 2991 soll
435 2928 507 2995 dus
524 2928 586 2997 dte
597 2929 775 2999 Kinddeit
801 2932 868 2999 der
883 2935 1160 3008 dramatisclren
1176 2943 1302 3013 Kuust

228 3034 389 3132 heissen,
416 3068 456 3112 so
481 3069 563 3127 war
589 3071 625 3117 es
651 3048 711 3119 die
726 3046 907 3121 Kindtei't
927 3052 1207 3145 desHerknles,
1234 3061 1302 3132 der

229 3152 269 3224 in
302 3160 371 3227 der
402 3157 462 3228 W
458 3160 537 3253 iege
568 3164 681 3233 achon
719 3167 781 3237 die
809 3168 1020 3261 Schlangen
1052 3174 1301 3249 erdrueckte.“

230 3270 480 3365 Simplicitatis
505 3290 647 3371 autem,
674 3305 752 3377 qua
766 3286 923 3380 insignis
948 3301 1003 3361 est
1026 3295 1299 3388 tragoediarmn

246 3547 293 3631 Ὗ)
310 3561 353 3640 Αοἱ
366 3562 401 3616 G.
421 3564 608 3637 Schlegelium
629 3570 658 3637 (l.
679 3570 699 3623 l.
717 3574 817 3628 toml.
836 3596 865 3645 p.
877 3578 944 3644 162.)
967 3579 1066 3631 Persas
1083 3582 1217 3638 infimum
1236 3599 1298 3640 tra·
1340 3557 1343 3562 Ι

298 3630 464 3697 goediarum
482 3635 702 3703 Aeschylearum
722 3639 818 3691 locum
837 3643 966 3694 obtinere
983 3646 1165 3714 judicantem,
1185 3652 1231 3703 cui
1249 3654 1299 3722 jn.

298 3696 371 3747 dicio
390 3700 521 3767 equidem
547 3701 741 3757 lubentissime
764 3706 927 3777 subscribo,
958 3710 1108 3768 Passovius
1132 3719 1162 3771 in
1186 3720 1298 3777 Musaei

300 3762 422 3816 editione
439 3785 468 3837 p.
498 3770 554 3820 108.
572 3770 653 3824 nullo
672 3773 735 3840 jure
753 3773 914 3829 cavillatur.
949 3780 1007 3848 Qui
1026 3802 1117 3853 quum
1133 3787 1299 3847 haesahola

292 3830 474 3911 pulcriorem
491 3854 619 3895 senosse
637 3840 746 3895 nullam
764 3842 892 3907 fateatur,
910 3847 1136 3918 pulcritudinem
1146 3857 1297 3915 Persarum

297 3899 440 3971 poeticam
458 3902 487 3957 in
507 3905 626 3975 singulis
644 3910 733 3981 magis
759 3930 844 3982 quem
864 3924 953 3971 artem
981 3917 1164 3981 dramaticum
1183 3928 1298 3982 videtur

297 3979 444 4039 spectasse.
481 3973 614 4031 Ceterum
637 3978 800 4033 Promethei
824 3981 1014 4055 simplicitatis
1036 3991 1121 4063 longe
1138 3996 1193 4049 alia
1219 4000 1296 4052 ratio

298 4046 340 4118 est
356 4057 390 4092 ac
409 4042 575 4109 Persarum,
605 4064 677 4118 quae
700 4048 798 4103 fabola
823 4068 878 4123 pro
896 4072 1004 4128 paeane
1020 4060 1156 4117 victoriae
1172 4066 1294 4121 Salami-

297 4120 361 4159 mae
379 4106 509 4165 habenda
526 4121 576 4167 est.
864 4170 867 4174 .
