2959 4750
180 499 297 570 usque
325 499 400 545 una
431 487 553 570 agunt.
605 476 677 548 Vel
702 477 870 547 Chorum
902 477 1074 571 excipere
1106 481 1250 571 nequis,

180 595 243 686 qui
259 606 344 686 post
359 595 508 664 demum
525 618 671 665 scenam
688 596 908 688 ingreditur,
932 595 1248 670 ubiPrometheus

179 710 383 781 aVuleano
407 735 528 804 poena
552 711 702 786 affectus
721 723 787 783 est.
840 712 916 802 Qui
939 736 1054 806 quum
1070 738 1153 785 cum
1179 741 1249 810 ap-
1302 757 1307 763 ·

174 977 258 1031 licius
274 977 424 1050 Sophoclis
442 980 606 1052 ingenium,
632 991 695 1036 erat
722 991 819 1036 autem
844 981 956 1035 diversa
980 984 1077 1038 aetatis
1096 986 1250 1057 utriusque

174 1062 294 1118 indoles.
328 1063 402 1119 Nam
411 1063 595 1119 Athenienses
605 1067 737 1138 Aeschyli
755 1073 783 1136 *)
799 1077 932 1137 tempore
949 1065 1030 1118 bellis
1049 1069 1169 1122 Persicis
1185 1078 1245 1122 tam

175 1148 433 1203 commovebantur
450 1159 477 1203 et
493 1150 697 1220 excitabantur,
717 1163 750 1206 ut
767 1153 801 1207 ad
819 1154 891 1227 epici
910 1153 1020 1225 generis
1037 1153 1132 1224 ignem
1146 1154 1247 1207 etnim

175 1252 263 1306 quam
281 1235 447 1307 pronissimi
465 1235 655 1290 redderentur
673 1247 700 1290 et
717 1249 875 1310 utrumque
894 1238 978 1291 etiam
997 1239 1028 1289 in
1047 1247 1109 1291 arte
1129 1236 1249 1290 drama-

174 1321 229 1374 tica
247 1338 306 1374 non
324 1323 419 1375 solum
436 1321 561 1390 ferrent,
579 1340 680 1376 verum
698 1324 785 1378 etiam
803 1322 985 1378 vehementer
1005 1330 1156 1376 amarent.-
1179 1319 1247 1374 Non

174 1413 269 1458 autem
286 1406 377 1460 multo
395 1415 461 1479 post
478 1405 546 1459 belli
564 1405 692 1460 scintillis
709 1410 815 1463 sensim
831 1410 993 1481 sensimque
1006 1405 1248 1473 evanescentibus,

174 1491 265 1561 magis
282 1491 312 1543 in
332 1493 421 1546 vitam
438 1489 553 1545 civilem
570 1501 599 1544 et
616 1510 800 1548 communem
817 1495 985 1549 incumbere
995 1504 1022 1550 et
1036 1492 1150 1552 artibus⁴
1162 1488 1248 1560 cultis

174 1575 385 1645 mansuetisque
403 1595 432 1629 se
449 1577 518 1648 dare
543 1576 734 1648 incipiebant,
762 1597 849 1651 quam
875 1579 980 1651 quibus
1005 1577 1055 1630 illa
1078 1573 1248 1641 sublimitas,
1286 1639 1291 1651 Ι

172 1657 244 1711 fines
261 1656 424 1728 hujusmodi
443 1661 517 1714 vitae
535 1659 611 1714 haud
629 1678 699 1715 raro
717 1663 863 1732 migrans,
882 1674 909 1718 et
926 1659 1176 1734 grandiloquentia
1194 1658 1248 1710 ista

174 1742 287 1816 placere
304 1745 452 1815 potuisset.
499 1746 564 1816 Qua
581 1747 612 1798 in
629 1756 717 1800 aetate
734 1747 892 1820 Sophocles
908 1748 1064 1800 maximam
1085 1746 1159 1797 vitae
1176 1760 1248 1813 par-

172 1839 232 1883 tem
251 1828 353 1900 degens
370 1829 458 1883 totius
475 1831 579 1903 populi
597 1831 745 1904 paullatim
764 1851 903 1888 conversa
912 1843 1018 1887 natura
1037 1830 1103 1904 plus
1116 1829 1247 1881 minusve

172 1913 342 1985 imprudens
360 1915 420 1984 ipse
438 1915 579 1968 abductus
604 1916 673 1968 tales
691 1919 851 1986 tragoedias
869 1920 1007 1986 confecit,
1033 1934 1105 1988 quae
1124 1922 1249 1967 mutatae

172 1997 216 2052 illi
233 2009 353 2052 naturae
370 2009 461 2052 essent
479 2010 684 2054 consentaneae
701 2010 728 2053 et
745 2003 986 2056 accommodatae.
1021 2000 1062 2054 lta
1075 2009 1170 2054 autem
1182 2008 1248 2050 stu-

174 2083 251 2149 duit,
280 2092 311 2135 ut
337 2082 551 2154 tragoediarum
575 2093 603 2136 et
621 2095 823 2156 argumentum
842 2095 1027 2157 etpersonae
1051 2101 1113 2136 non
1130 2080 1247 2152 longius

172 2167 302 2221 abessent
318 2165 399 2220 abeo
417 2177 556 2242 tempore,
575 2186 634 2240 quo
654 2170 821 2242 agebantur,
840 2188 926 2240 quam
945 2188 1071 2241 quarum
1088 2164 1247 2220 similitudo

173 2253 209 2306 ad
227 2252 411 2307 Athenienses
428 2271 496 2307 suos
514 2253 712 2321 conferretur,
738 2265 801 2309 tum
818 2265 968 2310 utrarum
993 2256 1066 2310 lacta
1089 2263 1116 2307 et
1132 2269 1247 2306 sermo-

145 2357 148 2364 ”
173 2339 329 2395 nescitam
346 2339 460 2394 civilem
478 2358 598 2413 eamque
608 2352 775 2396 exornatam
794 2351 822 2395 et
838 2341 1018 2415 pulcriorem
1029 2339 1248 2395 sublimiorem-

174 2444 231 2499 que
254 2434 509 2501 repraesentarent.
560 2426 627 2495 Quo
652 2426 760 2481 factum
785 2437 840 2494 est,
872 2437 907 2479 ut
928 2426 1061 2496 Aeschyli
1085 2422 1249 2493 tragoediae

175 2511 328 2566 maximam
352 2520 466 2584 partem
488 2509 518 2561 in
537 2509 625 2563 rebus
643 2512 748 2565 divinis
766 2515 812 2583 **)
835 2510 975 2584 lingendis
999 2508 1248 2579 descrihendisque

173 2606 370 2663 versarentur,
396 2594 534 2667 Sophocli
553 2605 646 2649 autem
665 2598 748 2649 cordi
765 2608 836 2651 esset
852 2597 1022 2651 humanum.
1070 2597 1169 2664 ltaque
1186 2610 1247 2645 non

173 2680 290 2753 quidem
308 2680 523 2752 improbamus,
542 2678 621 2750 quod
640 2678 790 2751 diligenter
808 2682 842 2741 de
859 2692 968 2736 mutata
985 2678 1118 2751 Aeschyli
1138 2679 1168 2732 in
1187 2677 1246 2733 So-

171 2764 323 2838 phocleam
341 2764 518 2837 tragoediam
537 2763 654 2833 exponit
672 2764 827 2819 Velckerus
845 2767 864 2820 l.
885 2767 904 2817 l.
922 2785 951 2838 p.
970 2769 1042 2832 511„
1060 2782 1175 2818 causam
1194 2780 1246 2816 au·

172 2860 231 2903 tem
249 2853 308 2919 ejus
327 2852 368 2903 rei
386 2848 470 2903 altius
488 2847 601 2901 latuisse
622 2865 786 2917 censemus,
812 2852 859 2904 cui
876 2850 1031 2904 sententiae
1048 2848 1181 2903 accedere
1198 2846 1245 2899 vi-

173 2936 257 2989 detur
281 2936 356 2991 idem
384 2956 414 3008 p.
424 2936 491 2988 513.
536 2932 601 2987 Jam
627 2933 649 2986 si
673 2934 709 2987 ab
728 2938 899 3009 antiquitate
923 2936 958 2989 ad
986 2943 1085 2989 nostra
1113 2941 1246 3002 tempora

174 3021 321 3076 transilire
340 3021 419 3085 licet,
445 3019 536 3073 simile
561 3016 638 3071 illius
662 3031 816 3091 poetarum
835 3022 914 3095 paris
938 3019 1123 3074 illustrissimi
1138 3014 1246 3101 discri-

173 3126 240 3161 men
258 3103 716 3159 interGoethiumetSchillerum
734 3108 909 3161 intercedere
927 3107 1050 3170 videtur,
1068 3116 1246 3174 quamquam

173 3192 269 3247 aetatis
286 3192 360 3245 ratio
379 3190 464 3259 longe
481 3188 536 3242 alia
553 3198 603 3242 est.
636 3190 768 3263 Namque
782 3203 814 3246 ut
831 3191 877 3245 hic
895 3190 930 3244 ad
948 3189 1155 3244 sublimitatem
1170 3201 1246 3257 pro-

172 3278 307 3333 nissimus
324 3296 374 3342 ea,
392 3294 465 3349 quae
483 3292 498 3328 a
515 3275 573 3329 vita
590 3272 718 3330 humana
734 3296 892 3349 rerumque
910 3275 1035 3330 naturali
1052 3282 1246 3343 consuetaque

173 3364 337 3419 conditione
354 3361 477 3414 maxime
494 3370 604 3413 remota
622 3371 704 3430 sunt,
736 3374 829 3430 amat,
855 3361 937 3433 lingit
955 3372 982 3415 et
1005 3361 1086 3433 poesi
1105 3371 1245 3413 exornare

175 3448 364 3519 (idealisiren)
384 3445 509 3509 studuit,
538 3447 580 3501 ita
598 3445 753 3515 Goethins,
778 3447 930 3519 Sophoclis
952 3456 985 3499 ut
1011 3447 1042 3498 in
1059 3444 1128 3511 hoc,
1155 3444 1196 3494 ita
1213 3440 1245 3493 in

175 3532 236 3587 aliis
254 3530 433 3595 simillimus,
452 3529 483 3579 iu
501 3529 557 3579 vita
576 3530 730 3599 animoque
747 3530 890 3594 humano,
909 3547 1038 3598 quorum
1055 3529 1140 3597 adyta
1159 3524 1247 3578 miri·

174 3617 227 3673 lice
243 3616 412 3689 penetravit,
440 3611 628 3685 depingendis
652 3622 679 3666 et
696 3611 907 3686 amplificandis
931 3630 1053 3685 magnus
1077 3621 1119 3665 est
1142 3619 1170 3665 et
1195 3608 1245 3663 in-

174 3700 387 3774 comparabilis.

176 3823 383 3840 φ

210 3893 234 3961 ¹⁶)
263 3888 350 3942 bactu
367 3882 533 3955 dignissima
549 3889 631 3947 sunt,
650 3898 721 3953 quae
740 3880 793 3936 hac
811 3881 846 3937 de
864 3880 1023 3954 represent
1038 3881 1074 3935 A.
1092 3880 1128 3933 G.
1146 3873 1245 3933 Schle-

245 3956 335 4029 gelius
352 3953 371 4007 l.
389 3951 409 4006 l.
427 3961 498 4005 tom.
516 3950 538 4006 l.
557 3972 587 4024 p.
608 3952 666 4005 134.

214 4058 253 4127 **)
283 4055 326 4111 Cf.
350 4070 424 4126 quae
446 4048 558 4122 profert
585 4049 732 4104 Jaeohsius
754 4049 784 4102 in
802 4050 967 4104 Charaktere
983 4049 1032 4102 dar
1055 4050 1243 4101 eomsbmsten

246 4128 362 4179 Dichter
377 4141 407 4193 p.
425 4119 460 4173 ll.
477 4139 507 4191 p.
526 4120 587 4173 428.
607 4136 636 4174 n.
656 4136 684 4173 x.
