2959 4750
330 1243 630 1340 FABULAE
665 1245 1060 1339 ENARRATIO.

162 1533 440 1666 ingrediuntur
472 1595 621 1642 scenam
647 1575 782 1646 Crator
803 1586 841 1647 et
862 1577 948 1666 Bia,
981 1571 1082 1646 lovis
1112 1575 1222 1663 servi,

161 1688 352 1762 Vulcanus
370 1699 408 1762 et
421 1685 678 1762 Prometheus.
728 1689 788 1760 Illi
802 1689 904 1762 lovis
919 1689 1018 1760 dioto
1034 1689 1225 1760 audientes

161 1806 316 1878 incitant
338 1804 556 1898 Lemnium,
581 1819 625 1880 ut
645 1831 767 1904 poena
792 1809 941 1878 decreta
960 1805 1225 1876 Prometheum

162 1921 304 1992 afficiat.
331 1922 475 2011 Quibus
484 1948 598 2016 quum
609 1937 765 2019 propter
779 1923 992 1994 affinitatem
1001 1947 1105 1993 suam
1118 1936 1156 1995 et
1168 1925 1236 1994 rei‘

162 2037 429 2130 aliquantisper
453 2039 655 2108 reluctatus
677 2053 791 2129 esset,
826 2039 994 2127 tandem,
1028 2050 1072 2110 ut
1102 2041 1224 2132 jussus

160 2164 258 2242 erat,
283 2152 548 2223 Prometheum
562 2155 604 2222 in
617 2154 738 2226 vincla
754 2154 903 2246 conjicit
926 2164 964 2225 et
987 2155 1126 2227 iterum
1149 2159 1224 2229 ite-

159 2291 317 2363 rumque
331 2269 375 2338 ab
390 2269 660 2362 apparitoribus
678 2273 887 2342 admonitus
904 2271 1132 2364 pedetentim
1148 2274 1224 2344 mi-

160 2386 253 2457 seris
269 2386 389 2455 modis
404 2386 490 2478 rupi
504 2401 724 2482 praeruptae
739 2390 862 2481 alligat
872 2385 935 2482 (V.
948 2388 1109 2484 1-87.).
1134 2393 1225 2465 Post

159 2528 291 2575 eorum
305 2502 445 2573 abitum
463 2500 553 2573 deus
570 2506 715 2577 vinctus
724 2556 736 2594 ,
764 2504 824 2573 cui
839 2527 887 2575 ne
902 2507 1111 2600 gravissimi
1136 2511 1224 2605 qui-

159 2622 245 2690 dem
260 2620 408 2688 dolores
423 2640 554 2689 vocem
569 2642 682 2691 unam
699 2632 922 2715 extorquere
937 2634 1148 2717 potuerant,
1159 2627 1222 2693 in-

158 2744 267 2809 vocat
282 2732 481 2820 aetherem,
497 2755 615 2822 auras,
631 2736 832 2805 fluviorum
848 2739 983 2828 fontes,
1000 2739 1115 2809 altum
1122 2765 1224 2836 pon·

157 2864 256 2939 trun,
283 2844 498 2932 Tellurem,
530 2849 667 2942 Solem,
691 2850 878 2947 Deosque,
903 2866 946 2925 ut
971 2856 1103 2950 quibus
1127 2881 1222 2951 poe-

157 2969 216 3038 nis
238 2966 320 3059 ipse
343 2964 447 3036 Deus
469 2991 490 3035 a
514 2965 597 3038 Diis
622 2970 810 3041 crucietur
834 2974 1042 3066 inspiciant.
1092 2973 1222 3049 lovem

156 3085 302 3153 incusat
334 3081 537 3169 injustitiae
568 3096 608 3155 et
640 3084 886 3176 crudelitatis,
921 3100 1139 3182 narratque,
1181 3114 1222 3159 se
1332 3178 1336 3189 .

156 3208 311 3293 propter
328 3196 515 3289 beneficia,
533 3198 695 3271 hmnano
710 3204 840 3296 generi
858 3202 989 3293 oblata,
1016 3216 1117 3276 tanta
1131 3208 1219 3299 pati.

156 3313 381 3409 Extempulo
414 3318 674 3392 animadvertit
704 3318 820 3390 Chori
850 3320 1068 3411 adrentum,
1109 3348 1219 3416 quem

156 3420 271 3525 quum
289 3431 457 3501 nondum
477 3434 766 3527 contempletur,
793 3438 958 3527 quaerit,
985 3438 1048 3529 qui
1063 3437 1155 3527 sint,
1183 3449 1221 3509 et

154 3568 284 3617 rursus
299 3544 506 3616 volucrium
522 3550 678 3639 strepitu
696 3551 899 3617 concitatus
915 3552 960 3619 ab
984 3552 1219 3622 advenienti-

140 3664 224 3733 'bus
239 3660 344 3730 timet
361 3654 423 3753 (V.
435 3656 648 3756 88-127.).
688 3661 769 3732 lam
785 3664 931 3737 advolat
939 3664 1096 3756 Chorus,
1124 3691 1219 3737 con-

155 3789 255 3850 stans
272 3800 319 3847 ex
327 3776 617 3871 Oceanitidibus,
645 3802 737 3874 quae
753 3782 917 3875 primum
933 3796 1154 3873 asseverant,
1177 3808 1217 3855 so

155 3896 290 3965 arnicas
307 3895 435 3967 venire
449 3898 693 3989 Prometheo,
719 3897 938 3969 malleorum
964 3921 1055 3968 sono
1079 3898 1217 3969 frustra

153 4013 338 4084 renitente
353 4013 497 4107 pudore
512 4015 680 4107 virgineo
695 4018 866 4089 invitatas
887 4010 948 4107 (V.
963 4011 1216 4109 ras-158).

157 4128 321 4201 Narratis
336 4152 359 4198 a
372 4130 617 4223 Prometheo,
634 4174 650 4209 „a
678 4156 748 4203 uae
763 4155 892 4229 passus
910 4132 959 4203 sit
973 4133 1073 4225 ipse,
1099 4132 1216 4202 mise-
