2959 4750
633 265 862 335 ...κθ-..-

221 454 324 549 dope.
338 464 375 532 et
397 450 552 536 'solertia
567 451 678 526 ualde
701 451 865 544 insignes
890 450 1043 540 eandem
1068 451 1164 523 riam
1189 449 1281 521 teti:

222 571 313 639 citer
340 579 377 640 et
401 572 548 662 egregie
571 568 831 662 praeiverunt..
851 616 855 623 ›
872 563 1005 637 At‘hoo
1019 569 1154 660 ipsum,
1180 562 1281 661 quod·

222 686 266 754 ab
292 684 499 755 imitatione
523 685 720 765 deterrere·
747 682 919 772 debebat,
952 705 1033 772 me,
1066 685 1281 774 jamdudum

221 785 394 894 Aeschyli
418 823 545 888 amore
571 811 608 876 et
633 799 876 871 admiratione
900 810 1067 892 captum,
1099 800 1288 892 imprimis-
1319 818 1325 826 “
1388 896 1391 904 Ι
1450 783 1457 795 ’

221 921 345 993 autem
367 916 583 988 Promethei
618 914 762 999 fabulae
792 940 1011 1009 percussum
1043 916 1209 1011 pondere
1239 940 1285 986 ac
1409 907 1412 911 ’

225 1024 415 1126 dignitate,
442 1033 636 1104 delinitum
661 1032 877 1123 veneribns,
906 1033 968 1104 vel
996 1032 1114 1126 magis
1139 1035 1285 1126 magis-J

225 1153 297 1243 qne
322 1149 506 1239 incendit,
530 1161 651 1242 atque
675 1147 938 1246 inflammarit,
968 1161 1011 1219 nt
1031 1170 1119 1243 ego*
1138 1159 1285 1242 quoque‘

224 1265 428 1356 symbolam
459 1245 965 1359 meam-quantulamcunque
997 1265 1045 1336 ad
1075 1262 1289 1359 tragoedias

223 1381 559 1473 praestantissimae
595 1381 878 1474 intelligentiam
918 1382 1054 1452 darem.
1088 1437 1092 1443 .
1135 1371 1289 1455 Norum'

225 1500 324 1570 enim
349 1499 502 1570 accessit
520 1497 801 1568 incitamentum
824 1499 964 1592 legenti
986 1496 1288 1569 mihi'Guilielmi

227 1612 274 1684 de
287 1613 526 1705 ‘Humbolda
552 1616 626 1686 viri
649 1615 908 1702 illustrissimi,
933 1613 1167 1684 tralationem
1183 1611 1292 1706 Aga-‚s

228 1732 438 1804 memnonis
455 1731 702 1819 vernaculam,
715 1754 789 1824 qua
799 1725 962 1822 perlecta
973 1728 1289 1822 concupiscebam,

226 1844 259 1912 si
283 1866 361 1913 non
385 1843 516 1934 talem,
553 1844 700 1937 qualem
724 1847 756 1915 is
781 1845 836 1914 illi
865 1845 1027 1936 fabulae,
1059 1845 1185 1917 tamen
1209 1845 1289 1936 ejus

226 1982 304 2030 non
328 1983 482 2054 prorsus
508 1961 712 2030 absimilem
735 1961 967 2032 Prometheo
985 1942 1130 2032 afferre
1144 1961 1289 2032 utilite·
1339 2029 1342 2032 ,
1471 1944 1474 1964 ⁶

227 2085 326 2144 tems
367 2074 560 2168 Aequum
588 2101 610 2144 a
635 2075 810 2166 cupidine
835 2083 914 2146 non
939 2076 1295 2146 admodumabes'se
1343 2130 1347 2139 2
1472 2114 1474 2165 t

229 2189 344 2260 soleat
369 2189 539 2262 voluntas
565 2202 604 2259 et
626 2191 874 2282 propositum,
904 2191 1121 2280 facum-est,
1137 2203 1200 2282 -ut,
1226 2193 1297 2265 vi*
1408 2198 1410 2207 '

228 2306 331 2377 ribus
356 2307 448 2377 meis
473 2307 630 2378 fortasse
645 2313 732 2377 'non
756 2307 844 2379 satis
868 2306 1100 2404 ponderatis,
1125 2307 1173 2377 ad
1198 2299 1291 2403 opns'

230 2421 440 2491 faciendum
466 2426 709 2515 accingerer:

331 2537 411 2607 Jam
445 2538 567 2611 statim
599 2539 643 2607 ab
676 2537 784 2610 initio
818 2540 982 2609 animum
1004 2539 1163 2633 induxi,
1204 2542 1293 2613 'ante

233 2653 389 2723 aliorum
404 2654 579 2745 ,ejusdem
603 2656 813 2749 tragoediae
836 2657 1049 2728 tralationas
1074 2680 1152 2728 non
1169 2658 1292 2751 inspi-

221 2792 340 2861 cere,
374 2780 491 2864 quam
507 2774 588 2865 ipse
613 2773 659 2841 ad
683 2770 798 2841 finem
821 2773 1092 2865 pervenissem,
1132 2775 1188 2843 ne‘
1205 2775 1294 2844 illo-

234 2866 319 2955 rum
344 2899 407 2956 aut
432 2889 622 2955 erroribus
648 2896 712 2955 ant
732 2886 942 2974 virmtibus,
968 2909 1041 2978 quo
1066 2888 1190 2956 minus
1213 2912 1295 2958 mea
1362 2953 1364 2955 ,

232 3002 377 3071 ratione
401 3026 531 3096 graeca
557 3000 822 3094 exprimerem,
849 3001 926 3072 ullo
945 3000 1057 3070 modo
1082 3002 1294 3096 impedirer.
1316 3057 1319 3064 .

136 3138 139 3145 ·
235 3118 394 3187 Simulac
418 3142 510 3191 vero
536 3120 881 3210 interpretationem
904 3117 950 3184 ad
966 3116 1079 3185 finem
1102 3119 1305 3210 perdura-r

233 3256 334 3322 ram,
374 3256 507 3326 magno
541 3257 626 3302 cum
660 3232 842 3301 desiderio
875 3233 1146 3324 lacobsianam,
1166 3258 1296 3327 ‘quam
1365 3220 1367 3225 ¹
1467 3221 1471 3230 ¹

235 3373 305 3442 pro
331 3350 405 3421 viri
436 3349 597 3443 ingenio
614 3347 767 3441 ejusque
791 3349 1035 3439 admiratione
1066 3360 1104 3419 et
1136 3372 1298 3446 renere-

237 3442 445 3547 tione7mea
471 3466 638 3535 omnium
662 3465 840 3555 optimam
866 3451 1298 3558 esse.divinaba1·s,-ag.

240 3604 388 3673 gressus
422 3602 514 3647 sum.
574 3578 667 3644 Mox
699 3588 823 3643 autem
854 3600 915 3643 me
946 3587 1100 3644 noctuas
1124 3574 1299 3649 *Athenas

239 3717 317 3762 non
341 3703 507 3786 portasse
531 3688 789 3779 intelligebam.
838 3686 926 3756 Non
951 3688 1084 3759 solum.
1097 3692 1196 3762 enim
1213 3717 1307 3763 car-.

240 3811 341 3878 mina
365 3806 495 3878 melica
519 3806 572 3875 ibi
597 3828 681 3873 cum
705 3803 848 3872 incuria
874 3804 1030 3897 quadam
1054 3809 1223 3898 metrica,
1256 3821 1300 3880 ut
1365 3860 1369 3866 -

242 3926 314 3993 laoo
338 3935 434 4013 utar,
457 3930 732 4009 tractata'sunt,
758 3922 1016 3994 verumetiam
1034 3922 1191 3996 diverbii
1212 3946 1299 3993 me-
1347 4009 1350 4014 *
1466 3971 1471 3982 ·

244 4053 344 4108 trum
369 4039 554 4133 senarium
570 4036 747 4127 ‚versibus
769 4036 953 4130 jambieis,
973 4039 1196 4111 tumdccem
1220 4049 1300 4109 tum
