2959 4750
244 1037 631 1161 PliOMETHEl
689 1027 1039 1157 PERSONA,
1075 1029 1309 1158 PRIMAS

318 1201 598 1280 aaronita
628 1191 864 1279 auarus
885 1202 944 1298 ιο)
978 1199 1262 1280 salsura..⁴

249 1576 455 1722 Quantum
480 1628 590 1714 poeta
614 1616 758 1687 fabulae
783 1618 960 1710 implicite
984 1616 1198 1708 nodoseque
1217 1634 1310 1682 con-

233 1730 428 1804 tex'endac
455 1732 614 1800 defuisse
641 1734 807 1821 videtur,
846 1745 990 1804 tantum
1023 1743 1103 1804 arte
1128 1743 1165 1800 et
1190 1729 1312 1798 studio

246 1851 288 1918 in
322 1846 562 1938 depingendis
594 1848 725 1940 primis
757 1848 924 1940 partibus
958 1849 1134 1918 collocato
1168 1843 1315 1938 egregie

250 1963 511 2055 compensavit.
576 1963 672 2034 Nam
712 1963 813 2055 quod
844 1963 1005 2034 artifices
1045 1963 1087 2032 in
1118 1959 1315 2054 pingendis

249 2071 383 2174 tabulis
407 2078 530 2147 facere
555 2079 694 2169 solent,
718 2080 803 2172 'qui,
846 2081 910 2150 ubi
942 2080 990 2148 ad
1022 2077 1177 2171 figuram
1202 2099 1315 2146 unam

250 2196 408 2288 aliquam
446 2196 692 2286 spectantium
732 2195 874 2263 animos
917 2195 1116 2286 oculosque
1149 2192 1316 2284 apprime

250 2310 552 2384 considerandam
579 2308 904 2407 admirandamque
928 2311 1112 2383 adducere
1137 2309 1315 2381 decreve-

251 2441 359 2517 runt,
386 2452 467 2494 eam
483 2426 615 2497 ceteris
631 2427 743 2519 longe
759 2425 906 2519 fingunt
921 2429 1191 2522 proceriorem,
1219 2425 1314 2493 emi-

252 2542 481 2637 nentiorem,
523 2539 768 2634 pulcriorem,
807 2555 851 2613 ut
882 2544 1041 2635 reliquas
1072 2564 1149 2611 non
1174 2542 1247 2610 nisi
1272 2538 1318 2607 ad

251 2638 506 2732 illustrandam
530 2656 895 2753 amplificandamque
916 2658 1016 2729 illam
1035 2660 1190 2752 pingere
1206 2656 1316 2728 vide-

127 2868 131 2873 Ι
251 2788 381 2866 antur,
408 2774 538 2845 eodem
553 2772 710 2844 artificio
727 2799 845 2868 eoque
858 2776 1099 2867 ingeniosiori
1113 2770 1317 2867 Aeschylus

252 2918 341 2963 usus
368 2902 441 2977 est,
467 2901 509 2955 ut
534 2888 650 2978 gloria
678 2902 715 2958 et
739 2877 981 2982 amplitudine
1006 2890 1320 2958 circumfunderet

252 3005 537 3092 Prometheum,
563 3005 630 3073 cui'
646 3015 727 3075 arte
752 3005 950 3077 dramatico
975 3006 1068 3075 duce
1084 3014 1122 3075 et
1139 3003 1318 3096 adjutrice

252 3124 293 3193 id
317 3145 457 3195 novum
481 3120 666 3211 adjunxit,
693 3123 792 3213 quod
817 3124 1044 3215 pedetentim
1063 3122 1187 3191 herois
1205 3119 1319 3189 annui

147 3272 148 3277 κ
254 3236 545 3328 magnitudinem
574 3246 610 3305 et
635 3258 709 3303 una
734 3261 818 3305 cum
845 3261 887 3305 ea
911 3249 1160 3329 spectatorum
1184 3249 1223 3305 et
1246 3237 1316 3304 ad-

253 3353 486 3425 mirationem
518 3363 556 3421 et
587 3352 879 3424 misericordiam
911 3354 1119 3448 adaugeret.
1184 3352 1244 3423 Ite
1271 3352 1320 3421 ab*

253 3470 361 3545 initio
386 3468 572 3560 videmus,
606 3494 692 3541 eum
717 3471 955 3542 incitantibus
980 3472 1131 3543 Robore
1156 3481 1195 3541 et
1218 3468 1317 3541 Vio-

253 3588 383 3675 lentiu,
424 3587 610 3655 atrocibus
643 3588 904 3676 carnuficibus,
944 3612 966 3655 a
998 3588 1165 3656 Vulcano
1197 3608 1318 3678 poena

259 3760 468 3779 w

323 3873 367 3948 ¹⁰)
384 3875 482 3929 Partes
499 3872 662 3927 Promethei
678 3876 824 3949 Aeschylei
841 3872 962 3930 solerter
978 3883 1005 3928 et
1021 3874 1142 3929 scienter
1159 3874 1318 3931 adumbra-

254 3960 527 4017 citramarinas
550 3960 581 4012 in
599 3958 688 4014 libro:
724 3960 894 4016 Charactere
912 3960 962 4015 der
978 3960 1182 4015 nornehmsten
1199 3961 1316 4015 Dichter

254 4049 284 4101 in
302 4046 481 4118 Nachtrttgen
500 4064 534 4098 zu
552 4045 673 4101 Sulzcr²s
689 4046 811 4101 Theorie
829 4048 879 4101 der
901 4045 1027 4102 schonau
1047 4047 1171 4115 Kduste,
1193 4055 1264 4099 tom.
1279 4044 1315 4098 11.

256 4148 286 4203 p.
302 4133 461 4187 ess-460.
