2959 4750
523 276 826 358 .--25-.;

166 477 333 550 nondum
358 472 526 564 assurgit.
577 471 634 540 Ea
663 471 805 561 omnia,
840 495 934 563 quae
957 473 1061 563 epico
1093 488 1225 567 poetae

163 596 264 686 laudi
280 603 386 680 sunt,
413 593 453 658 in
474 589 672 658 dramatico
689 611 826 681 genere
840 591 931 661 vitia
946 591 1027 679 jure
1044 592 1227 664 dicuntur.

163 714 267 782 Haec
293 712 405 800 igitur
430 719 486 777 est
508 709 606 800 artis¹
622 706 840 776 dramaticus
863 710 1032 799 pueritia.
1091 710 1229 779 Iccirco

163 855 241 898 nou
255 838 421 919 negatur,
447 823 680 914 Aeschylum,
709 825 773 916 qui
788 835 883 895 teste
894 824 1094 895 Aristotele
1112 822 1228 917 (Poet.

132 935 141 952 ⁸
164 947 231 1017 IV.
250 946 305 1012 ed.
332 943 499 1012 Laemar.
525 953 613 1010 tom.
636 940 682 1008 ll.
709 965 744 1030 p.
771 941 854 1027 795.
879 937 936 1034 B.)
961 934 1006 1012 τό
1030 939 1232 1040 ὑποκριτῶν

166 1061 307 1160 πλῆθος
333 1065 368 1143 ἐξ
394 1053 471 1140 ἑνός
498 1061 547 1138 εἰς
574 1049 638 1128 δύο
664 1054 772 1152 ἤγαγε
797 1058 857 1130 καὶ
881 1050 930 1130 coi
954 1059 1022 1131 τοῦ
1047 1061 1159 1157 χοροῦ
1191 1057 1232 1158 ἡ·

167 1171 328 1251 ideamus
353 1181 413 1251 καὶ
436 1169 501 1252 cdv
526 1169 631 1268 λόγον
656 1178 964 1271 πραταγααίστοα
976 1169 1231 1275 παρεσκεύασε,

167 1308 204 1367 et
211 1294 369 1366 Horatio
381 1295 598 1367 testificante
606 1295 724 1386 Epist.
735 1296 781 1363 ad
796 1297 950 1366 Pisones
961 1296 1008 1366 V.
1019 1296 1229 1384 278—280.

215 1500 267 1552 -ς
291 1502 344 1514 -
367 1487 547 1557 personae
567 1463 757 1557 pallaeque
774 1475 944 1556 repertor
964 1465 1142 1534 honestae
1254 1519 1257 1523 .

216 1619 268 1634 -
292 1619 344 1668 .-
369 1579 524 1647 modicis
549 1580 727 1648 instruxit
739 1580 889 1685 pulpita
910 1583 1023 1683 tignis

215 1701 266 1770 Et
281 1699 407 1767 docuit
420 1719 665 1789 magnumque
681 1695 783 1788 loqui
802 1699 945 1789 nitique
962 1699 1157 1766 cothurno.

167 1879 204 1958 et
218 1893 239 1936 a
255 1867 408 1935 Graecis
434 1860 621 1956 (Philostr.
640 1864 687 1934 V.
704 1861 747 1932 A.
766 1865 832 1934 VI.
855 1887 910 1934 11.
937 1891 972 1957 p.
989 1861 1089 1957 245.)
1112 1856 1237 1961 πατήρ.
1339 1940 1341 1947 ,

166 1982 367 2076 τραγῳδίας
383 1981 607 2066 nominatur,
628 1983 702 2070 qui,
721 1993 763 2050 ut
777 1982 881 2051 brevi
901 1983 1059 2069 dicatur,
1076 1982 1234 2072 tragoe-

167 2101 266 2168 diam
280 2102 423 2192 primus
439 2094 610 2187 excoluit,
638 2121 715 2166 non
731 2099 934 2167 immunem
948 2099 993 2166 ab
1008 2099 1120 2188 omni,
1142 2121 1236 2189 quae

168 2219 257 2286 artis
273 2225 274 2230 ’
289 2217 395 2284 initio
427 2213 626 2284 adhaerere
660 2215 773 2302 solet,
807 2215 888 2309 labe
909 2216 1044 2304 fuisse,
1065 2225 1235 2307 'negatur

53 2351 58 2360 '
167 2344 290 2403 autem
313 2333 415 2425 jure,
442 2323 519 2421 ejus
544 2342 661 2400 artem
682 2329 864 2423 puerilem
886 2327 917 2421 ⁵)
942 2345 1045 2401 recte
1068 2331 1236 2425 compel-

68 2456 71 2467 ’
165 2450 245 2519 lari.
297 2447 419 2542 Atque
436 2450 561 2539 epicus
577 2448 851 2545 tragoediarum
864 2445 1151 2540 Aeschylearum
1169 2473 1237 2516 co-

167 2567 243 2655 lor,
269 2568 310 2634 in
333 2566 555 2643 contexendi
579 2566 814 2656 simplicitate
832 2575 869 2633 et
893 2564 1122 2656 longioribus
1146 2588 1237 2631 nar-

167 2683 373 2753 rationibus
391 2684 610 2772 conspicuus
627 2682 780 2749 alteram
796 2681 907 2751 habet
921 2706 1065 2750 causam
1083 2706 1166 2751 cum
1183 2704 1238 2768 ea,

169 2824 263 2895 quae
279 2799 389 2867 modo
405 2808 558 2866 tractata
575 2807 647 2885 est,
674 2797 878 2865 arctissime
894 2798 1145 2887 conjunctam,
1171 2822 1238 2865 req

169 2917 262 2988 etius
288 2915 425 2984 dixeris
450 2916 605 2985 eandem
618 2915 674 2982 -ad
697 2937 866 3005 graecam
895 2916 1027 3006 poesin
1059 2914 1239 3001 tralatam,

170 3033 533 3122 drarnaticae‘poesis
551 3030 649 3121 apud
666 3029 831 3099 Graecos
848 3031 1039 3119 originem.
1066 3030 1162 3096 Nam
1177 3029 1241 3119 qui

170 3148 430 3239 antiquissimis
447 3147 676 3239 temporibus
692 3145 765 3215 huc
781 3146 1239 3238 illuccircumvagarentur
1343 3162 1348 3171 ¹

171 3264 351 3365 ῥαψῳδοὶ,
378 3268 539 3335 carmina
561 3264 762 3333 Homerica
794 3274 831 3331 et
861 3263 1019 3332 aliorum
1051 3265 1240 3334 interdum

171 3387 281 3453 etiam
299 3406 366 3450 sua
382 3391 581 3468 cantantes,
607 3392 702 3471 post,
721 3380 870 3448 mutatis
890 3402 973 3453 cum
987 3390 1158 3472 tempore
1172 3404 1239 3449 re-

170 3502 252 3584 bus,
278 3497 365 3563 facti
382 3510 468 3563 sunt
483 3497 680 3592 τραγῳδοὶ,
707 3498 772 3585 qui
787 3496 933 3563 hircum
952 3510 989 3565 et
1007 3496 1164 3564 ficorum
1179 3507 1240 3591 at-

171 3618 328 3689 sicarum
344 3610 535 3711 modulum
549 3611 714 3706 praemio
730 3610 866 3679 laboris
879 3604 1166 3705 sumptuumque
1174 3635 1238 3679 ac-

247 3874 275 3941 ⁸)
304 3871 333 3925 si
360 3866 492 3939 Aeschyli
517 3868 677 3941 tragoediae
701 3866 854 3923 conamina
878 3868 1002 3939 puerilia
1020 3864 1241 3920 Atheniensibus

176 3959 236 4011 visa
253 3966 357 4022 essent,
375 3972 476 4008 eorum
495 3956 610 4009 comitia
628 3964 703 4008 certe
720 3972 781 4007 uon
798 3953 988 4007 decrevissent
1004 3954 1074 4005 scito
1092 3969 1125 4005 ac
1141 3948 1241 4020 jus'sis'-

176 4052 253 4109 sent,
271 4044 333 4096 illas
352 4050 437 4115 poeta
454 4049 570 4095 mortuo
582 4038 688 4095 doceri.
723 4040 813 4109 Cujus
829 4040 872 4092 rei
889 4039 967 4093 testis
984 4046 1025 4091 est
1034 4035 1190 4091 Scholiasta
1202 4034 1241 4098 ,ad

176 4126 325 4200 Aristopb.
344 4125 467 4185 Acbarn.
486 4126 521 4180 V.
543 4144 583 4178 10.
