<?xml version="1.0" encoding="UTF-8"?>
<!DOCTYPE html PUBLIC "-//W3C//DTD XHTML 1.0 Transitional//EN"
    "http://www.w3.org/TR/xhtml1/DTD/xhtml1-transitional.dtd">
<html xmlns="http://www.w3.org/1999/xhtml" xml:lang="en" lang="en">
 <head>
  <title>
</title>
<meta http-equiv="Content-Type" content="text/html;charset=utf-8" />
  <meta name='ocr-system' content='tesseract 3.04.00' />
  <meta name='ocr-capabilities' content='ocr_page ocr_carea ocr_par ocr_line ocrx_word'/>
</head>
<body>
  <div class='ocr_page' id='page_1' title='image "./commentatiodeae00aescgoog_0069.png"; bbox 0 0 2959 4750; ppageno 0'>
   <div class='ocr_carea' id='block_1_1' title="bbox 561 347 818 428">
    <p class='ocr_par' dir='ltr' id='par_1_1' title="bbox 561 347 818 428">
     <span class='ocr_line' id='line_1_1' title="bbox 561 347 818 428; baseline 0 -30"><span class='ocrx_word' id='word_1_1' title='bbox 561 347 818 428; x_wconf 56' lang='grc'><strong>...(37.-</strong></span> 
     </span>
    </p>
   </div>
   <div class='ocr_carea' id='block_1_2' title="bbox 148 531 1226 762">
    <p class='ocr_par' dir='ltr' id='par_1_2' title="bbox 148 531 1226 762">
     <span class='ocr_line' id='line_1_2' title="bbox 148 531 1226 642; baseline 0.01 -37"><span class='ocrx_word' id='word_1_2' title='bbox 148 531 333 632; x_wconf 81' lang='lat' dir='ltr'><strong>profundi</strong></span> <span class='ocrx_word' id='word_1_3' title='bbox 348 531 429 628; x_wconf 73' lang='lat' dir='ltr'><strong>fini</strong></span> <span class='ocrx_word' id='word_1_4' title='bbox 451 533 515 608; x_wconf 74' lang='lat' dir='ltr'><strong>dei</strong></span> <span class='ocrx_word' id='word_1_5' title='bbox 531 535 700 633; x_wconf 74' lang='lat' dir='ltr'><strong>principi</strong></span> <span class='ocrx_word' id='word_1_6' title='bbox 723 537 856 627; x_wconf 80' lang='lat' dir='ltr'><strong>nuovi,</strong></span> <span class='ocrx_word' id='word_1_7' title='bbox 882 538 948 610; x_wconf 78' lang='lat' dir='ltr'><strong>che</strong></span> <span class='ocrx_word' id='word_1_8' title='bbox 971 565 1073 614; x_wconf 84' lang='lat' dir='ltr'><strong>anno</strong></span> <span class='ocrx_word' id='word_1_9' title='bbox 1091 545 1226 642; x_wconf 79' lang='lat' dir='ltr'><strong>aequi-.-</strong></span> 
     </span>
     <span class='ocr_line' id='line_1_3' title="bbox 153 652 1226 762; baseline 0.012 -38"><span class='ocrx_word' id='word_1_10' title='bbox 153 652 225 724; x_wconf 81' lang='lat' dir='ltr'><strong>aito</strong></span> <span class='ocrx_word' id='word_1_11' title='bbox 256 653 287 724; x_wconf 82' lang='lat' dir='ltr'><strong>il</strong></span> <span class='ocrx_word' id='word_1_12' title='bbox 315 676 432 746; x_wconf 79' lang='lat' dir='ltr'><strong>regno</strong></span> <span class='ocrx_word' id='word_1_13' title='bbox 462 654 543 724; x_wconf 70' lang='lat' dir='ltr'><strong>cole</strong></span> <span class='ocrx_word' id='word_1_14' title='bbox 568 655 676 752; x_wconf 73' lang='lat' dir='ltr'><strong>ejulo</strong></span> <span class='ocrx_word' id='word_1_15' title='bbox 708 659 931 762; x_wconf 80' lang='lat' dir='ltr'><strong>e-consiglio</strong></span> <span class='ocrx_word' id='word_1_16' title='bbox 956 659 1017 732; x_wconf 85' lang='lat' dir='ltr'><strong>dei</strong></span> <span class='ocrx_word' id='word_1_17' title='bbox 1034 662 1106 757; x_wconf 78' lang='lat' dir='ltr'><strong>piis</strong></span> <span class='ocrx_word' id='word_1_18' title='bbox 1130 665 1226 758; x_wconf 72' lang='lat' dir='ltr'><strong>saei,</strong></span> 
     </span>
    </p>
   </div>
   <div class='ocr_carea' id='block_1_3' title="bbox 47 771 1307 4263">
    <p class='ocr_par' dir='ltr' id='par_1_3' title="bbox 47 771 1307 4263">
     <span class='ocr_line' id='line_1_4' title="bbox 155 771 1229 877; baseline 0.012 -37"><span class='ocrx_word' id='word_1_19' title='bbox 155 794 176 840; x_wconf 86' lang='lat' dir='ltr'><strong>e</strong></span> <span class='ocrx_word' id='word_1_20' title='bbox 196 771 277 842; x_wconf 71' lang='lat' dir='ltr'><strong>ooli</strong></span> <span class='ocrx_word' id='word_1_21' title='bbox 302 773 458 866; x_wconf 84' lang='lat' dir='ltr'><strong>esempio</strong></span> <span class='ocrx_word' id='word_1_22' title='bbox 483 771 526 843; x_wconf 82' lang='lat' dir='ltr'><strong>di</strong></span> <span class='ocrx_word' id='word_1_23' title='bbox 541 774 736 846; x_wconf 83' lang='lat' dir='ltr'><strong>Prometeo</strong></span> <span class='ocrx_word' id='word_1_24' title='bbox 752 775 808 866; x_wconf 79' lang='lat' dir='ltr'><strong>fci</strong></span> <span class='ocrx_word' id='word_1_25' title='bbox 833 801 1045 866; x_wconf 75' lang='lat' dir='ltr'><strong><em>conoscere,</em></strong></span> <span class='ocrx_word' id='word_1_26' title='bbox 1071 779 1110 850; x_wconf 82' lang='lat' dir='ltr'><strong>in</strong></span> <span class='ocrx_word' id='word_1_27' title='bbox 1136 785 1229 877; x_wconf 76' lang='lat' dir='ltr'><strong>qual</strong></span> 
     </span>
     <span class='ocr_line' id='line_1_5' title="bbox 152 887 1228 985; baseline 0.013 -26"><span class='ocrx_word' id='word_1_28' title='bbox 152 887 267 982; x_wconf 78' lang='lat' dir='ltr'><strong>guise</strong></span> <span class='ocrx_word' id='word_1_29' title='bbox 292 890 412 984; x_wconf 79' lang='lat' dir='ltr'><strong>questi</strong></span> <span class='ocrx_word' id='word_1_30' title='bbox 434 891 533 985; x_wconf 86' lang='lat' dir='ltr'><strong>dopo</strong></span> <span class='ocrx_word' id='word_1_31' title='bbox 556 889 588 962; x_wconf 79' lang='lat' dir='ltr'><strong>ic</strong></span> <span class='ocrx_word' id='word_1_32' title='bbox 600 891 717 982; x_wconf 80' lang='lat' dir='ltr'><strong>felice</strong></span> <span class='ocrx_word' id='word_1_33' title='bbox 739 917 904 970; x_wconf 77' lang='lat' dir='ltr'><strong>successa</strong></span> <span class='ocrx_word' id='word_1_34' title='bbox 920 895 1015 968; x_wconf 80' lang='lat' dir='ltr'><strong>aiere</strong></span> <span class='ocrx_word' id='word_1_35' title='bbox 1032 897 1095 968; x_wconf 78' lang='lat' dir='ltr'><strong>del</strong></span> <span class='ocrx_word' id='word_1_36' title='bbox 1106 923 1228 974; x_wconf 79' lang='lat' dir='ltr'><strong>nuova</strong></span> 
     </span>
     <span class='ocr_line' id='line_1_6' title="bbox 151 1007 1228 1108; baseline 0.006 -29"><span class='ocrx_word' id='word_1_37' title='bbox 151 1007 320 1104; x_wconf 77' lang='lat' dir='ltr'><strong>principe</strong></span> <span class='ocrx_word' id='word_1_38' title='bbox 342 1007 626 1103; x_wconf 78' lang='lat' dir='ltr'><strong>ricompensati,</strong></span> <span class='ocrx_word' id='word_1_39' title='bbox 664 1033 684 1079; x_wconf 86' lang='lat' dir='ltr'><strong>e</strong></span> <span class='ocrx_word' id='word_1_40' title='bbox 715 1024 857 1106; x_wconf 80' lang='lat' dir='ltr'><strong>quanto</strong></span> <span class='ocrx_word' id='word_1_41' title='bbox 888 1013 1096 1108; x_wconf 83' lang='lat' dir='ltr'><strong>acquistino</strong></span> <span class='ocrx_word' id='word_1_42' title='bbox 1127 1017 1228 1088; x_wconf 77' lang='lat' dir='ltr'><strong>della</strong></span> 
     </span>
     <span class='ocr_line' id='line_1_7' title="bbox 148 1125 1228 1228; baseline 0.006 -30"><span class='ocrx_word' id='word_1_43' title='bbox 148 1150 299 1223; x_wconf 75' lang='lat' dir='ltr'><strong>pruove</strong></span> <span class='ocrx_word' id='word_1_44' title='bbox 329 1128 424 1198; x_wconf 80' lang='lat' dir='ltr'><strong>data</strong></span> <span class='ocrx_word' id='word_1_45' title='bbox 457 1125 500 1198; x_wconf 84' lang='lat' dir='ltr'><strong>di</strong></span> <span class='ocrx_word' id='word_1_46' title='bbox 532 1138 665 1223; x_wconf 80' lang='lat' dir='ltr'><strong>troppo</strong></span> <span class='ocrx_word' id='word_1_47' title='bbox 699 1127 964 1202; x_wconf 75' lang='lat' dir='ltr'><strong>intertdimento</strong></span> <span class='ocrx_word' id='word_1_48' title='bbox 995 1158 1016 1202; x_wconf 85' lang='lat' dir='ltr'><strong>e</strong></span> <span class='ocrx_word' id='word_1_49' title='bbox 1050 1133 1090 1204; x_wconf 83' lang='lat' dir='ltr'><strong>di</strong></span> <span class='ocrx_word' id='word_1_50' title='bbox 1109 1157 1228 1228; x_wconf 68' lang='lat' dir='ltr'><strong>pron»</strong></span> 
     </span>
     <span class='ocr_line' id='line_1_8' title="bbox 153 1243 1228 1346; baseline 0.006 -30"><span class='ocrx_word' id='word_1_51' title='bbox 153 1257 260 1317; x_wconf 77' lang='lat' dir='ltr'><strong>tezza</strong></span> <span class='ocrx_word' id='word_1_52' title='bbox 293 1243 335 1316; x_wconf 85' lang='lat' dir='ltr'><strong>di</strong></span> <span class='ocrx_word' id='word_1_53' title='bbox 366 1244 581 1340; x_wconf 82' lang='lat' dir='ltr'><strong>espedienti.</strong></span> <span class='ocrx_word' id='word_1_54' title='bbox 645 1245 706 1316; x_wconf 87' lang='lat' dir='ltr'><strong>Le</strong></span> <span class='ocrx_word' id='word_1_55' title='bbox 721 1288 723 1291; x_wconf 95' lang='lat'>-</span> <span class='ocrx_word' id='word_1_56' title='bbox 741 1248 846 1342; x_wconf 84' lang='lat' dir='ltr'><strong>quali</strong></span> <span class='ocrx_word' id='word_1_57' title='bbox 871 1248 1043 1342; x_wconf 64' lang='lat' dir='ltr'><strong>facultas„</strong></span> <span class='ocrx_word' id='word_1_58' title='bbox 1087 1262 1228 1346; x_wconf 80' lang='lat' dir='ltr'><strong>quanto</strong></span> 
     </span>
     <span class='ocr_line' id='line_1_9' title="bbox 152 1361 1228 1463; baseline 0.004 -29"><span class='ocrx_word' id='word_1_59' title='bbox 152 1387 242 1434; x_wconf 76' lang='lat' dir='ltr'><strong>sono</strong></span> <span class='ocrx_word' id='word_1_60' title='bbox 267 1374 367 1434; x_wconf 75' lang='lat' dir='ltr'><strong>state</strong></span> <span class='ocrx_word' id='word_1_61' title='bbox 391 1363 483 1434; x_wconf 84' lang='lat' dir='ltr'><strong>utile</strong></span> <span class='ocrx_word' id='word_1_62' title='bbox 502 1363 546 1432; x_wconf 80' lang='lat' dir='ltr'><strong>al</strong></span> <span class='ocrx_word' id='word_1_63' title='bbox 560 1361 735 1459; x_wconf 82' lang='lat' dir='ltr'><em>principe</em></span> <span class='ocrx_word' id='word_1_64' title='bbox 758 1366 822 1442; x_wconf 82' lang='lat' dir='ltr'><strong>nel</strong></span> <span class='ocrx_word' id='word_1_65' title='bbox 836 1368 973 1459; x_wconf 69' lang='lat' dir='ltr'><strong>servor</strong></span> <span class='ocrx_word' id='word_1_66' title='bbox 990 1367 1078 1437; x_wconf 75' lang='lat' dir='ltr'><strong>dele</strong></span> <span class='ocrx_word' id='word_1_67' title='bbox 1092 1364 1228 1463; x_wconf 75' lang='lat' dir='ltr'><strong>affare,</strong></span> 
     </span>
     <span class='ocr_line' id='line_1_10' title="bbox 154 1479 1229 1573; baseline 0.005 -22"><span class='ocrx_word' id='word_1_68' title='bbox 154 1491 261 1553; x_wconf 78' lang='lat' dir='ltr'><strong>tanto</strong></span> <span class='ocrx_word' id='word_1_69' title='bbox 285 1479 320 1551; x_wconf 85' lang='lat' dir='ltr'><strong>si</strong></span> <span class='ocrx_word' id='word_1_70' title='bbox 343 1481 485 1553; x_wconf 74' lang='lat' dir='ltr'><strong>rendere</strong></span> <span class='ocrx_word' id='word_1_71' title='bbox 511 1491 672 1573; x_wconf 80' lang='lat' dir='ltr'><strong>sospette</strong></span> <span class='ocrx_word' id='word_1_72' title='bbox 703 1481 805 1551; x_wconf 78' lang='lat' dir='ltr'><strong>nella</strong></span> <span class='ocrx_word' id='word_1_73' title='bbox 836 1483 971 1558; x_wconf 82' lang='lat' dir='ltr'><strong>calma.</strong></span> <span class='ocrx_word' id='word_1_74' title='bbox 1023 1485 1130 1556; x_wconf 80' lang='lat' dir='ltr'><strong>Onde</strong></span> <span class='ocrx_word' id='word_1_75' title='bbox 1155 1507 1229 1556; x_wconf 83' lang='lat' dir='ltr'><strong>au·</strong></span> 
     </span>
     <span class='ocr_line' id='line_1_11' title="bbox 153 1594 1227 1696; baseline 0.002 -27"><span class='ocrx_word' id='word_1_76' title='bbox 153 1599 274 1688; x_wconf 78' lang='lat' dir='ltr'><strong>viena,</strong></span> <span class='ocrx_word' id='word_1_77' title='bbox 307 1596 376 1693; x_wconf 77' lang='lat' dir='ltr'><strong>else</strong></span> <span class='ocrx_word' id='word_1_78' title='bbox 398 1594 537 1681; x_wconf 73' lang='lat' dir='ltr'><strong>Giove,</strong></span> <span class='ocrx_word' id='word_1_79' title='bbox 568 1597 665 1691; x_wconf 80' lang='lat' dir='ltr'><strong>dopo</strong></span> <span class='ocrx_word' id='word_1_80' title='bbox 681 1599 730 1684; x_wconf 47' lang='lat' dir='ltr'><strong>‚la</strong></span> <span class='ocrx_word' id='word_1_81' title='bbox 763 1598 917 1670; x_wconf 80' lang='lat' dir='ltr'><strong>rinaeita</strong></span> <span class='ocrx_word' id='word_1_82' title='bbox 942 1599 1027 1670; x_wconf 72' lang='lat' dir='ltr'><strong>dele</strong></span> <span class='ocrx_word' id='word_1_83' title='bbox 1053 1600 1227 1696; x_wconf 83' lang='lat' dir='ltr'><strong>impresa,</strong></span> 
     </span>
     <span class='ocr_line' id='line_1_12' title="bbox 154 1713 1228 1814; baseline 0.004 -30"><span class='ocrx_word' id='word_1_84' title='bbox 154 1725 249 1787; x_wconf 73' lang='lat' dir='ltr'><strong>tosto</strong></span> <span class='ocrx_word' id='word_1_85' title='bbox 274 1739 347 1788; x_wconf 75' lang='lat' dir='ltr'><strong>cors</strong></span> <span class='ocrx_word' id='word_1_86' title='bbox 363 1725 530 1811; x_wconf 82' lang='lat' dir='ltr'><strong>protesto</strong></span> <span class='ocrx_word' id='word_1_87' title='bbox 556 1713 598 1783; x_wconf 85' lang='lat' dir='ltr'><strong>di</strong></span> <span class='ocrx_word' id='word_1_88' title='bbox 620 1715 754 1786; x_wconf 73' lang='lat' dir='ltr'><strong>deluto</strong></span> <span class='ocrx_word' id='word_1_89' title='bbox 779 1714 812 1784; x_wconf 84' lang='lat' dir='ltr'><strong>si</strong></span> <span class='ocrx_word' id='word_1_90' title='bbox 827 1715 939 1808; x_wconf 80' lang='lat' dir='ltr'><strong>toglie</strong></span> <span class='ocrx_word' id='word_1_91' title='bbox 955 1719 1141 1814; x_wconf 81' lang='lat' dir='ltr'><strong>d’attorne</strong></span> <span class='ocrx_word' id='word_1_92' title='bbox 1166 1718 1228 1794; x_wconf 70' lang='lat' dir='ltr'><strong>cdi</strong></span> 
     </span>
     <span class='ocr_line' id='line_1_13' title="bbox 153 1831 1229 1933; baseline 0.002 -29"><span class='ocrx_word' id='word_1_93' title='bbox 153 1831 316 1929; x_wconf 73' lang='lat' dir='ltr'><strong>ora‘piis</strong></span> <span class='ocrx_word' id='word_1_94' title='bbox 340 1831 383 1904; x_wconf 82' lang='lat' dir='ltr'><strong>di</strong></span> <span class='ocrx_word' id='word_1_95' title='bbox 406 1833 463 1904; x_wconf 85' lang='lat' dir='ltr'><strong>lui</strong></span> <span class='ocrx_word' id='word_1_96' title='bbox 487 1833 707 1904; x_wconf 78' lang='lat' dir='ltr'><strong>benemerito</strong></span> <span class='ocrx_word' id='word_1_97' title='bbox 729 1848 751 1903; x_wconf 83' lang='lat' dir='ltr'><strong>e</strong></span> <span class='ocrx_word' id='word_1_98' title='bbox 770 1831 836 1903; x_wconf 78' lang='lat' dir='ltr'><strong>che</strong></span> <span class='ocrx_word' id='word_1_99' title='bbox 856 1845 1096 1909; x_wconf 80' lang='lat' dir='ltr'><strong>acutamente&#39;</strong></span> <span class='ocrx_word' id='word_1_100' title='bbox 1108 1849 1229 1933; x_wconf 80' lang='lat' dir='ltr'><strong>putea</strong></span> 
     </span>
     <span class='ocr_line' id='line_1_14' title="bbox 123 1944 1230 2046; baseline -0.003 -21"><span class='ocrx_word' id='word_1_101' title='bbox 123 2020 126 2025; x_wconf 84' lang='grc'><strong>.</strong></span> <span class='ocrx_word' id='word_1_102' title='bbox 154 1949 363 2022; x_wconf 71' lang='lat' dir='ltr'><strong>discernere</strong></span> <span class='ocrx_word' id='word_1_103' title='bbox 389 1973 410 2020; x_wconf 85' lang='lat' dir='ltr'><strong>e</strong></span> <span class='ocrx_word' id='word_1_104' title='bbox 433 1948 632 2042; x_wconf 81' lang='lat' dir='ltr'><strong>giudieare</strong></span> <span class='ocrx_word' id='word_1_105' title='bbox 657 1949 742 2020; x_wconf 82' lang='lat' dir='ltr'><strong>dell&#39;</strong></span> <span class='ocrx_word' id='word_1_106' title='bbox 769 1973 838 2044; x_wconf 86' lang='lat' dir='ltr'><strong>ope</strong></span> <span class='ocrx_word' id='word_1_107' title='bbox 857 1950 1008 2022; x_wconf 68' lang='lat' dir='ltr'><strong>&#39;rasione</strong></span> <span class='ocrx_word' id='word_1_108' title='bbox 1032 1944 1095 2021; x_wconf 81' lang='lat' dir='ltr'><strong>del</strong></span> <span class='ocrx_word' id='word_1_109' title='bbox 1112 1953 1230 2046; x_wconf 59' lang='lat' dir='ltr'><strong>prine-</strong></span> 
     </span>
     <span class='ocr_line' id='line_1_15' title="bbox 156 2067 1228 2163; baseline 0.002 -24"><span class='ocrx_word' id='word_1_110' title='bbox 156 2068 271 2163; x_wconf 86' lang='lat' dir='ltr'><strong>eipe.“</strong></span> <span class='ocrx_word' id='word_1_111' title='bbox 341 2067 486 2142; x_wconf 86' lang='lat' dir='ltr'><strong>Novam</strong></span> <span class='ocrx_word' id='word_1_112' title='bbox 527 2091 682 2162; x_wconf 88' lang='lat' dir='ltr'><strong>eamque</strong></span> <span class='ocrx_word' id='word_1_113' title='bbox 721 2069 915 2139; x_wconf 81' lang='lat' dir='ltr'><strong>meliorem</strong></span> <span class='ocrx_word' id='word_1_114' title='bbox 956 2069 1228 2162; x_wconf 83' lang='lat' dir='ltr'><strong>interpretandi</strong></span> 
     </span>
     <span class='ocr_line' id='line_1_16' title="bbox 154 2183 1227 2281; baseline -0.001 -22"><span class='ocrx_word' id='word_1_115' title='bbox 154 2187 251 2259; x_wconf 77' lang='lat' dir='ltr'><strong>viam</strong></span> <span class='ocrx_word' id='word_1_116' title='bbox 275 2187 435 2279; x_wconf 79' lang='lat' dir='ltr'><strong>praeivit</strong></span> <span class='ocrx_word' id='word_1_117' title='bbox 458 2183 502 2254; x_wconf 64' lang='grc' dir='ltr'><strong>Α</strong></span> <span class='ocrx_word' id='word_1_118' title='bbox 523 2184 570 2254; x_wconf 88' lang='lat' dir='ltr'><strong>G.</strong></span> <span class='ocrx_word' id='word_1_119' title='bbox 597 2187 824 2281; x_wconf 84' lang='lat' dir='ltr'><strong>Schlegelius</strong></span> <span class='ocrx_word' id='word_1_120' title='bbox 849 2186 944 2256; x_wconf 85' lang='lat' dir='ltr'><strong>libro</strong></span> <span class='ocrx_word' id='word_1_121' title='bbox 970 2189 1116 2280; x_wconf 83' lang='lat' dir='ltr'><strong>saepius</strong></span> <span class='ocrx_word' id='word_1_122' title='bbox 1141 2187 1227 2258; x_wconf 87' lang='lat' dir='ltr'><strong>lau-</strong></span> 
     </span>
     <span class='ocr_line' id='line_1_17' title="bbox 154 2302 1228 2398; baseline 0.002 -25"><span class='ocrx_word' id='word_1_123' title='bbox 154 2303 240 2374; x_wconf 86' lang='lat' dir='ltr'><strong>dato</strong></span> <span class='ocrx_word' id='word_1_124' title='bbox 264 2326 301 2397; x_wconf 85' lang='lat' dir='ltr'><strong>p.</strong></span> <span class='ocrx_word' id='word_1_125' title='bbox 323 2302 406 2374; x_wconf 83' lang='lat'><strong>164.</strong></span> <span class='ocrx_word' id='word_1_126' title='bbox 429 2327 526 2396; x_wconf 61' lang='lat' dir='ltr'><strong>sqq„</strong></span> <span class='ocrx_word' id='word_1_127' title='bbox 569 2303 678 2394; x_wconf 87' lang='lat' dir='ltr'><strong>cujus·</strong></span> <span class='ocrx_word' id='word_1_128' title='bbox 706 2305 860 2398; x_wconf 76' lang='lat' dir='ltr'><strong>vestigia</strong></span> <span class='ocrx_word' id='word_1_129' title='bbox 893 2304 1064 2397; x_wconf 81' lang='lat' dir='ltr'>deinceps</span> <span class='ocrx_word' id='word_1_130' title='bbox 1096 2304 1228 2375; x_wconf 79' lang='lat' dir='ltr'><strong>relicui</strong></span> 
     </span>
     <span class='ocr_line' id='line_1_18' title="bbox 154 2420 1226 2516; baseline 0.001 -25"><span class='ocrx_word' id='word_1_131' title='bbox 154 2430 380 2515; x_wconf 86' lang='lat' dir='ltr'><strong>presserunt.</strong></span> <span class='ocrx_word' id='word_1_132' title='bbox 438 2420 684 2491; x_wconf 87' lang='lat' dir='ltr'><strong>Bluemnerus</strong></span> <span class='ocrx_word' id='word_1_133' title='bbox 709 2420 777 2491; x_wconf 87' lang='lat'><strong>1.-1.</strong></span> <span class='ocrx_word' id='word_1_134' title='bbox 802 2444 839 2515; x_wconf 88' lang='lat' dir='ltr'><strong>p.</strong></span> <span class='ocrx_word' id='word_1_135' title='bbox 867 2420 923 2489; x_wconf 86' lang='lat'><strong>14.</strong></span> <span class='ocrx_word' id='word_1_136' title='bbox 947 2438 1024 2514; x_wconf 55' lang='lat' dir='ltr'><strong>&#39;sqqe</strong></span> <span class='ocrx_word' id='word_1_137' title='bbox 1054 2422 1226 2516; x_wconf 85' lang='lat' dir='ltr'><strong>aliquan-</strong></span> 
     </span>
     <span class='ocr_line' id='line_1_19' title="bbox 47 2516 1242 2632; baseline 0 -23"><span class='ocrx_word' id='word_1_138' title='bbox 47 2622 52 2631; x_wconf 35' lang='lat'><em>,</em></span> <span class='ocrx_word' id='word_1_139' title='bbox 153 2538 272 2609; x_wconf 89' lang='lat' dir='ltr'><strong>tulum</strong></span> <span class='ocrx_word' id='word_1_140' title='bbox 298 2563 319 2609; x_wconf 88' lang='lat' dir='ltr'><strong>a</strong></span> <span class='ocrx_word' id='word_1_141' title='bbox 344 2537 527 2608; x_wconf 69' lang='lat' dir='ltr'><strong>sententia</strong></span> <span class='ocrx_word' id='word_1_142' title='bbox 552 2516 804 2632; x_wconf 85' lang='lat' dir='ltr'><strong>Schlegeliaua</strong></span> <span class='ocrx_word' id='word_1_143' title='bbox 832 2528 1028 2625; x_wconf 81' lang='lat' dir='ltr'><strong>recedens,</strong></span> <span class='ocrx_word' id='word_1_144' title='bbox 1065 2536 1242 2609; x_wconf 62' lang='lat' dir='ltr'><strong>Prome·v</strong></span> 
     </span>
     <span class='ocr_line' id='line_1_20' title="bbox 153 2651 1227 2744; baseline -0.001 -20"><span class='ocrx_word' id='word_1_145' title='bbox 153 2655 241 2725; x_wconf 81' lang='lat' dir='ltr'><strong>theo</strong></span> <span class='ocrx_word' id='word_1_146' title='bbox 258 2652 394 2723; x_wconf 82' lang='lat' dir='ltr'><strong>doceri</strong></span> <span class='ocrx_word' id='word_1_147' title='bbox 426 2653 497 2721; x_wconf 87' lang='lat' dir='ltr'><strong>sibi</strong></span> <span class='ocrx_word' id='word_1_148' title='bbox 530 2656 732 2744; x_wconf 79' lang='lat' dir='ltr'><strong>persuasit,</strong></span> <span class='ocrx_word' id='word_1_149' title='bbox 770 2656 965 2725; x_wconf 86' lang='lat' dir='ltr'><strong>hominum</strong></span> <span class='ocrx_word' id='word_1_150' title='bbox 997 2651 1171 2742; x_wconf 87' lang='lat' dir='ltr'><strong>salutem,</strong></span> <span class='ocrx_word' id='word_1_151' title='bbox 1205 2676 1227 2723; x_wconf 82' lang='lat' dir='ltr'><strong>a</strong></span> 
     </span>
     <span class='ocr_line' id='line_1_21' title="bbox 155 2758 1226 2857; baseline -0.001 -16"><span class='ocrx_word' id='word_1_152' title='bbox 155 2783 252 2841; x_wconf 83' lang='lat' dir='ltr'><strong>statu</strong></span> <span class='ocrx_word' id='word_1_153' title='bbox 277 2792 406 2840; x_wconf 86' lang='lat' dir='ltr'><strong>rerum</strong></span> <span class='ocrx_word' id='word_1_154' title='bbox 432 2778 604 2857; x_wconf 72' lang='lat' dir='ltr'><strong>externo,</strong></span> <span class='ocrx_word' id='word_1_155' title='bbox 638 2793 659 2837; x_wconf 88' lang='lat' dir='ltr'><strong>a</strong></span> <span class='ocrx_word' id='word_1_156' title='bbox 686 2758 803 2839; x_wconf 74' lang='lat' dir='ltr'><strong>malo?</strong></span> <span class='ocrx_word' id='word_1_157' title='bbox 827 2781 864 2842; x_wconf 82' lang='lat' dir='ltr'><strong>et</strong></span> <span class='ocrx_word' id='word_1_158' title='bbox 896 2770 1038 2841; x_wconf 81' lang='lat' dir='ltr'><strong>viribus</strong></span> <span class='ocrx_word' id='word_1_159' title='bbox 1073 2782 1226 2841; x_wconf 87' lang='lat' dir='ltr'><strong>naturae</strong></span> 
     </span>
     <span class='ocr_line' id='line_1_22' title="bbox 154 2885 1226 2978; baseline -0.003 -20"><span class='ocrx_word' id='word_1_160' title='bbox 154 2888 309 2958; x_wconf 76' lang='lat' dir='ltr'><strong>rudibus</strong></span> <span class='ocrx_word' id='word_1_161' title='bbox 328 2887 519 2957; x_wconf 90' lang='lat' dir='ltr'><strong>interdum·</strong></span> <span class='ocrx_word' id='word_1_162' title='bbox 538 2885 753 2978; x_wconf 81' lang='lat' dir='ltr'><strong>impeditam</strong></span> <span class='ocrx_word' id='word_1_163' title='bbox 774 2898 818 2956; x_wconf 85' lang='lat' dir='ltr'><strong>et·</strong></span> <span class='ocrx_word' id='word_1_164' title='bbox 835 2886 1076 2976; x_wconf 67' lang='lat' dir='ltr'><strong>retmdatam,</strong></span> <span class='ocrx_word' id='word_1_165' title='bbox 1102 2897 1226 2956; x_wconf 85' lang='lat' dir='ltr'><strong>tamen</strong></span> 
     </span>
     <span class='ocr_line' id='line_1_23' title="bbox 153 3004 1228 3098; baseline -0.003 -22"><span class='ocrx_word' id='word_1_166' title='bbox 153 3004 349 3098; x_wconf 80' lang='lat' dir='ltr'><strong>aliquando</strong></span> <span class='ocrx_word' id='word_1_167' title='bbox 375 3004 581 3093; x_wconf 81' lang='lat' dir='ltr'><strong>comparari</strong></span> <span class='ocrx_word' id='word_1_168' title='bbox 599 3006 874 3097; x_wconf 87' lang='lat' dir='ltr'><strong>procrearique.</strong></span> <span class='ocrx_word' id='word_1_169' title='bbox 927 3004 1040 3094; x_wconf 85' lang='lat' dir='ltr'><strong>Quod</strong></span> <span class='ocrx_word' id='word_1_170' title='bbox 1060 3028 1104 3073; x_wconf 91' lang='lat' dir='ltr'><strong>eo</strong></span> <span class='ocrx_word' id='word_1_171' title='bbox 1120 3028 1228 3073; x_wconf 80' lang='lat' dir='ltr'><strong>com·</strong></span> 
     </span>
     <span class='ocr_line' id='line_1_24' title="bbox 153 3118 1227 3215; baseline -0.003 -25"><span class='ocrx_word' id='word_1_172' title='bbox 153 3122 314 3215; x_wconf 85' lang='lat' dir='ltr'><strong>probare</strong></span> <span class='ocrx_word' id='word_1_173' title='bbox 354 3119 479 3189; x_wconf 80' lang='lat' dir='ltr'><strong>studet</strong></span> <span class='ocrx_word' id='word_1_174' title='bbox 515 3118 576 3190; x_wconf 84' lang='lat' dir='ltr'><strong>vir</strong></span> <span class='ocrx_word' id='word_1_175' title='bbox 610 3119 807 3211; x_wconf 82' lang='lat' dir='ltr'><strong>egregius,·</strong></span> <span class='ocrx_word' id='word_1_176' title='bbox 839 3121 952 3215; x_wconf 88' lang='lat' dir='ltr'><strong>quod.</strong></span> <span class='ocrx_word' id='word_1_177' title='bbox 972 3118 1171 3210; x_wconf 80' lang='lat' dir='ltr'><strong>beneficia,</strong></span> <span class='ocrx_word' id='word_1_178' title='bbox 1206 3142 1227 3187; x_wconf 88' lang='lat' dir='ltr'><strong>a</strong></span> 
     </span>
     <span class='ocr_line' id='line_1_25' title="bbox 152 3234 1224 3328; baseline -0.001 -21"><span class='ocrx_word' id='word_1_179' title='bbox 152 3234 377 3307; x_wconf 80' lang='lat' dir='ltr'><strong>Prometheo</strong></span> <span class='ocrx_word' id='word_1_180' title='bbox 402 3234 533 3328; x_wconf 79' lang='lat' dir='ltr'><strong>generi</strong></span> <span class='ocrx_word' id='word_1_181' title='bbox 557 3234 721 3306; x_wconf 86' lang='lat' dir='ltr'><strong>humano</strong></span> <span class='ocrx_word' id='word_1_182' title='bbox 737 3237 830 3309; x_wconf 82' lang='lat' dir='ltr'><strong>Jove</strong></span> <span class='ocrx_word' id='word_1_183' title='bbox 846 3239 965 3313; x_wconf 79' lang='lat' dir='ltr'><strong>invito</strong></span> <span class='ocrx_word' id='word_1_184' title='bbox 984 3238 1122 3325; x_wconf 85' lang='lat' dir='ltr'><strong>oblata,</strong></span> <span class='ocrx_word' id='word_1_185' title='bbox 1151 3236 1224 3306; x_wconf 57' lang='lat' dir='ltr'><strong>dua</strong></span> 
     </span>
     <span class='ocr_line' id='line_1_26' title="bbox 153 3364 1226 3445; baseline 0.002 -20"><span class='ocrx_word' id='word_1_186' title='bbox 153 3366 257 3443; x_wconf 77' lang='lat' dir='ltr'><strong>rent,</strong></span> <span class='ocrx_word' id='word_1_187' title='bbox 288 3376 508 3445; x_wconf 86' lang='lat' dir='ltr'><strong>quamquam</strong></span> <span class='ocrx_word' id='word_1_188' title='bbox 533 3375 662 3421; x_wconf 88' lang='lat' dir='ltr'><strong>eorum</strong></span> <span class='ocrx_word' id='word_1_189' title='bbox 687 3364 816 3421; x_wconf 84' lang='lat' dir='ltr'>auctor</span> <span class='ocrx_word' id='word_1_190' title='bbox 835 3366 995 3445; x_wconf 81' lang='lat' dir='ltr'><strong>propter</strong></span> <span class='ocrx_word' id='word_1_191' title='bbox 1019 3376 1062 3421; x_wconf 86' lang='lat' dir='ltr'><strong>ea</strong></span> <span class='ocrx_word' id='word_1_192' title='bbox 1086 3374 1226 3442; x_wconf 68' lang='lat' dir='ltr'><strong>poenas</strong></span> 
     </span>
     <span class='ocr_line' id='line_1_27' title="bbox 152 3465 1224 3561; baseline -0.004 -20"><span class='ocrx_word' id='word_1_193' title='bbox 152 3471 242 3541; x_wconf 86' lang='lat' dir='ltr'><strong>luat.</strong></span> <span class='ocrx_word' id='word_1_194' title='bbox 300 3466 350 3539; x_wconf 83' lang='lat' dir='ltr'><strong>At</strong></span> <span class='ocrx_word' id='word_1_195' title='bbox 380 3491 471 3540; x_wconf 83' lang='lat' dir='ltr'><strong>vero</strong></span> <span class='ocrx_word' id='word_1_196' title='bbox 507 3466 538 3535; x_wconf 85' lang='lat' dir='ltr'><strong>si</strong></span> <span class='ocrx_word' id='word_1_197' title='bbox 569 3465 651 3537; x_wconf 84' lang='lat' dir='ltr'>hoo·</span> <span class='ocrx_word' id='word_1_198' title='bbox 665 3480 776 3560; x_wconf 89' lang='lat' dir='ltr'><strong>poeta</strong></span> <span class='ocrx_word' id='word_1_199' title='bbox 800 3466 1009 3561; x_wconf 85' lang='lat' dir='ltr'><strong>significare</strong></span> <span class='ocrx_word' id='word_1_200' title='bbox 1033 3465 1224 3555; x_wconf 81' lang='lat' dir='ltr'><strong>voluisset,</strong></span> 
     </span>
     <span class='ocr_line' id='line_1_28' title="bbox 153 3582 1224 3676; baseline -0.006 -20"><span class='ocrx_word' id='word_1_201' title='bbox 153 3586 196 3656; x_wconf 89' lang='lat' dir='ltr'><strong>id</strong></span> <span class='ocrx_word' id='word_1_202' title='bbox 219 3584 289 3655; x_wconf 85' lang='lat' dir='ltr'><strong>alia</strong></span> <span class='ocrx_word' id='word_1_203' title='bbox 312 3586 458 3656; x_wconf 84' lang='lat' dir='ltr'><strong>ratione</strong></span> <span class='ocrx_word' id='word_1_204' title='bbox 482 3582 725 3676; x_wconf 75' lang='lat' dir='ltr'><strong>expressisset</strong></span> <span class='ocrx_word' id='word_1_205' title='bbox 750 3606 865 3675; x_wconf 87' lang='lat' dir='ltr'><strong>eaque</strong></span> <span class='ocrx_word' id='word_1_206' title='bbox 889 3584 1005 3676; x_wconf 85' lang='lat' dir='ltr'><strong>magis</strong></span> <span class='ocrx_word' id='word_1_207' title='bbox 1030 3584 1224 3675; x_wconf 82' lang='lat' dir='ltr'><strong>perspicua</strong></span> 
     </span>
     <span class='ocr_line' id='line_1_29' title="bbox 154 3698 1224 3795; baseline -0.007 -20"><span class='ocrx_word' id='word_1_208' title='bbox 154 3714 193 3775; x_wconf 83' lang='lat' dir='ltr'><strong>et</strong></span> <span class='ocrx_word' id='word_1_209' title='bbox 217 3701 522 3795; x_wconf 84' lang='lat' dir='ltr'><strong>significantiore,</strong></span> <span class='ocrx_word' id='word_1_210' title='bbox 557 3723 667 3793; x_wconf 89' lang='lat' dir='ltr'><strong>quam</strong></span> <span class='ocrx_word' id='word_1_211' title='bbox 693 3723 758 3789; x_wconf 85' lang='lat' dir='ltr'><strong>eo,</strong></span> <span class='ocrx_word' id='word_1_212' title='bbox 785 3700 885 3795; x_wconf 84' lang='lat' dir='ltr'><strong>quod</strong></span> <span class='ocrx_word' id='word_1_213' title='bbox 909 3698 1088 3771; x_wconf 83' lang='lat' dir='ltr'><strong>beneficia</strong></span> <span class='ocrx_word' id='word_1_214' title='bbox 1112 3700 1224 3769; x_wconf 89' lang='lat' dir='ltr'><strong>istaa</strong></span> 
     </span>
     <span class='ocr_line' id='line_1_30' title="bbox 153 3814 1222 3913; baseline -0.003 -23"><span class='ocrx_word' id='word_1_215' title='bbox 153 3820 246 3893; x_wconf 77' lang='lat' dir='ltr'><strong>Jove</strong></span> <span class='ocrx_word' id='word_1_216' title='bbox 269 3821 459 3913; x_wconf 85' lang='lat' dir='ltr'><strong>antiquata</strong></span> <span class='ocrx_word' id='word_1_217' title='bbox 483 3814 565 3887; x_wconf 83' lang='lat' dir='ltr'><strong>esse</strong></span> <span class='ocrx_word' id='word_1_218' title='bbox 589 3838 666 3890; x_wconf 89' lang='lat' dir='ltr'><strong>non</strong></span> <span class='ocrx_word' id='word_1_219' title='bbox 692 3816 915 3891; x_wconf 81' lang='lat' dir='ltr'><strong>dicerentur.</strong></span> <span class='ocrx_word' id='word_1_220' title='bbox 979 3816 1077 3888; x_wconf 85' lang='lat' dir='ltr'><strong>Nam</strong></span> <span class='ocrx_word' id='word_1_221' title='bbox 1107 3832 1222 3909; x_wconf 87' lang='lat' dir='ltr'><strong>quum</strong></span> 
     </span>
     <span class='ocr_line' id='line_1_31' title="bbox 153 3933 1223 4030; baseline -0.004 -25"><span class='ocrx_word' id='word_1_222' title='bbox 153 3949 309 4029; x_wconf 83' lang='lat' dir='ltr'><strong>propter</strong></span> <span class='ocrx_word' id='word_1_223' title='bbox 330 3934 574 4027; x_wconf 84' lang='lat' dir='ltr'><strong>multiplicem</strong></span> <span class='ocrx_word' id='word_1_224' title='bbox 599 3937 807 4028; x_wconf 85' lang='lat' dir='ltr'><strong>argumenti</strong></span> <span class='ocrx_word' id='word_1_225' title='bbox 830 3936 991 4030; x_wconf 83' lang='lat' dir='ltr'><strong>speciem</strong></span> <span class='ocrx_word' id='word_1_226' title='bbox 1012 3933 1223 4026; x_wconf 77' lang='lat' dir='ltr'><strong>tragoediae</strong></span> 
     </span>
     <span class='ocr_line' id='line_1_32' title="bbox 153 4048 1307 4147; baseline -0.004 -24"><span class='ocrx_word' id='word_1_227' title='bbox 153 4055 208 4123; x_wconf 85' lang='lat' dir='ltr'><strong>ita</strong></span> <span class='ocrx_word' id='word_1_228' title='bbox 230 4064 462 4147; x_wconf 82' lang='lat' dir='ltr'><strong>comparatae</strong></span> <span class='ocrx_word' id='word_1_229' title='bbox 486 4052 579 4141; x_wconf 84' lang='lat' dir='ltr'><strong>sint,</strong></span> <span class='ocrx_word' id='word_1_230' title='bbox 605 4064 649 4123; x_wconf 86' lang='lat' dir='ltr'><strong>ut</strong></span> <span class='ocrx_word' id='word_1_231' title='bbox 672 4052 765 4123; x_wconf 82' lang='lat' dir='ltr'><strong>alius</strong></span> <span class='ocrx_word' id='word_1_232' title='bbox 790 4052 890 4125; x_wconf 88' lang='lat' dir='ltr'><strong>aliud</strong></span> <span class='ocrx_word' id='word_1_233' title='bbox 914 4075 962 4123; x_wconf 82' lang='lat' dir='ltr'><strong>ex</strong></span> <span class='ocrx_word' id='word_1_234' title='bbox 975 4050 1021 4123; x_wconf 84' lang='lat' dir='ltr'><strong>iis</strong></span> <span class='ocrx_word' id='word_1_235' title='bbox 1040 4048 1222 4119; x_wconf 79' lang='lat' dir='ltr'><strong>deducere</strong></span> <span class='ocrx_word' id='word_1_236' title='bbox 1306 4126 1307 4131; x_wconf 37' lang='lat'>,</span> 
     </span>
     <span class='ocr_line' id='line_1_33' title="bbox 157 4168 1224 4263; baseline 0 -23"><span class='ocrx_word' id='word_1_237' title='bbox 157 4184 283 4263; x_wconf 86' lang='lat' dir='ltr'><strong>queat,</strong></span> <span class='ocrx_word' id='word_1_238' title='bbox 312 4182 405 4243; x_wconf 87' lang='lat' dir='ltr'><strong>ante</strong></span> <span class='ocrx_word' id='word_1_239' title='bbox 424 4169 550 4241; x_wconf 84' lang='lat' dir='ltr'><strong>omnia</strong></span> <span class='ocrx_word' id='word_1_240' title='bbox 573 4170 777 4242; x_wconf 87' lang='lat' dir='ltr'><strong>tenendum</strong></span> <span class='ocrx_word' id='word_1_241' title='bbox 803 4180 876 4261; x_wconf 85' lang='lat' dir='ltr'><strong>est,</strong></span> <span class='ocrx_word' id='word_1_242' title='bbox 910 4168 1018 4238; x_wconf 87' lang='lat' dir='ltr'><strong>aliam</strong></span> <span class='ocrx_word' id='word_1_243' title='bbox 1043 4188 1224 4239; x_wconf 83' lang='lat' dir='ltr'><strong>summam</strong></span> 
     </span>
    </p>
   </div>
   <div class='ocr_carea' id='block_1_4' title="bbox 900 4277 1032 4366">
    <p class='ocr_par' dir='ltr' id='par_1_4' title="bbox 900 4277 1032 4366">
     <span class='ocr_line' id='line_1_34' title="bbox 900 4277 1032 4366; baseline 0.008 -1"><span class='ocrx_word' id='word_1_244' title='bbox 900 4277 1032 4366; x_wconf 54' lang='lat'><strong>⁴5*</strong></span> 
     </span>
    </p>
   </div>
   <div class='ocr_carea' id='block_1_5' title="bbox 0 0 1484 4750">
    <p class='ocr_par' dir='ltr' id='par_1_5' title="bbox 0 0 1484 4750">
     <span class='ocr_line' id='line_1_35' title="bbox 0 0 1484 4750; baseline 0 0"><span class='ocrx_word' id='word_1_245' title='bbox 0 0 1484 4750; x_wconf 95' lang='lat' dir='ltr'><strong> </strong></span> 
     </span>
    </p>
   </div>
  </div>
 </body>
</html>
