2959 4750
571 296 904 372 ——tt-fl

169 497 281 566 animi
306 492 532 580 constantim
558 488 819 576 ridetmimts,
844 488 1018 557 inuitein
1036 485 1177 556 Oreum
1191 503 1229 558 et

149 637 253 684 cum
296 613 434 682 fractus
473 607 642 677 illabatur
681 606 800 676 orbis·
822 603 1053 699 Inpendam
1088 604 1230 678 sariunt

167 732 308 801 ruinae.
343 726 438 796 Hor.
454 723 529 814 tu,
557 724 591 814 5,
620 744 654 811 7.
674 721 708 790 8.
759 721 858 791 Dum
875 743 965 794 vero
981 723 1229 791 contumacis-

170 847 299 915 simam
325 827 539 936 Promethei
571 835 828 910 fortitudinem
861 837 1034 907 admirari
1057 839 1138 909 lere
1163 862 1232 909 co-

171 960 313 1052 gimur,
350 956 411 1025 hic
436 953 510 1023 illic
536 953 716 1025 etiamad
742 937 905 1060 ejusdem
929 967 1102 1047 tanquam
1127 980 1232 1026 ama-

171 1075 255 1146 bilis
280 1083 433 1142 natiuae
457 1094 621 1140 amorem
646 1063 833 1146 vocamur.
883 1063 985 1158 Quid
1011 1071 1110 1141 enim
1132 1073 1233 1141 mol·
1263 1122 1265 1126 -

173 1190 245 1260 lius
278 1199 334 1260 est
351 1198 414 1258 xet·
437 1181 618 1278 generoso
640 1188 765 1257 auimo
791 1184 957 1279 dignius,
992 1210 1102 1279 quam
1136 1190 1234 1282 quod

176 1479 352 1536 sichtbarern
370 1476 431 1531 und
450 1476 633 1550 dauerndern
650 1479 743 1534 leiden
761 1481 809 1535 des
826 1477 1014 1534 Prometheus
1030 1478 1092 1546 auf,
1117 1478 1175 1533 und
1192 1479 1237 1537 die

175 1564 397 1636 ungemissigte‚
422 1561 624 1632 ungezuegelte
637 1563 799 1634 h‘eltiglreit,
813 1563 876 1620 mit
899 1558 1018 1618 welches
1041 1562 1165 1620 aiesicb
1188 1563 1239 1620 der

177 1639 375 1720 reraweillung
392 1648 468 1720 preis
479 1647 565 1719 gicht,
583 1649 666 1702 lassat
676 1664 731 1702 uns
747 1648 798 1703 wie
811 1648 842 1701 in
856 1647 949 1700 eine'm
961 1645 1067 1718 spiegel
1080 1646 1129 1701 das
1143 1667 1241 1719 grosse

177 1733 309 1806 gemueth
326 1733 374 1786 des
390 1733 513 1787 Titanen
530 1731 684 1786 erlreunen.
726 1734 809 1802 Quae
826 1741 885 1786 tam
898 1725 1009 1802 'pulcre
1027 1747 1149 1803 roreque
1166 1730 1242 1791 diets

178 1828 255 1885 sunt,
275 1827 307 1870 ut
319 1817 470 1872 tralatione
481 1836 541 1872 non
553 1816 712 1890 potuissent
729 1816 933 1870 detrimentum
951 1831 1012 1867 uon
1029 1832 1141 1887 capere.
1173 1817 1242 1874 Les-

180 1905 243 1973 sing
259 1901 421 1954 Laocoonte
437 1901 487 1954 tv.
522 1901 711 1972 Ueberhaupt
729 1919 808 1954 muss
824 1919 893 1954 man
909 1900 957 1952 bei
976 1899 1027 1954 der
1040 1901 1244 1978 vergleichung

181 1986 229 2040 des
244 1981 394 2039 'leideuden
411 1983 549 2038 Hercules
567 1985 620 2038 mit
634 1984 699 2039 dem
716 1984 864 2039 leidenden
877 1982 1017 2037 Philoctet
1033 1983 1112 2038 nicht
1128 2004 1250 2059 vergea-1

181 2088 247 2139 een,
277 2069 340 2122 dass
363 2069 442 2139 jener
466 2067 511 2122 ein
528 2067 717 2140 Halbgott
741 2066 802 2122 und
820 2067 910 2120 dieser
927 2084 986 2120 nur
1002 2066 1049 2120 ein
1066 2071 1245 2131 memphin.
1304 2074 1310 2085 “

170 2151 241 2210 'Der
256 2151 370 2212 mensch
388 2150 512 2206 schaemt
529 2151 589 2206 sich
606 2153 699 2212 seiner
714 2152 818 2224 ldagen
836 2152 883 2204 nie
901 2152 1001 2220 (Hom.
1018 2150 1124 2222 doixosa
1140 2154 1244 2228 λεῖβον.

182 2236 287 2306 δάκρυα
303 2235 400 2306 θερμά
416 2236 538 2304 χέοντο),
555 2236 625 2290 aber
640 2238 691 2291 der
708 2237 849 2307 Halbgott
863 2236 988 2290 sehaemt
1003 2235 1078 2305 sich,
1098 2238 1168 2293 ssdass
1184 2243 1245 2296 sein

184 2316 351 2389 sterbli‘cher
367 2319 435 2382 theil
454 2319 542 2373 ueber
566 2321 621 2376 den
642 2320 856 2380 unaterbliebeu
873 2337 907 2375 so
925 2319 980 2373 viel
999 2321 1146 2379 vermocht
1162 2323 1247 2398 habe,

186 2408 248 2461 dass
271 2425 302 2463 er
326 2407 378 2461 wie
400 2406 445 2459 ein
467 2404 622 2461 maedchen
639 2406 747 2462 weluen
770 2404 831 2459 und
847 2403 964 2460 winaeln
983 2423 1123 2463 muessen.
1156 2410 1249 2485 soph,

185 2490 289 2546 Trach.
314 2491 350 2543 V.
376 2492 452 2546 1088.
470 2488 514 2557 89.
544 2518 580 2532 -
608 2486 679 2548 iscar
708 2486 776 2548 aiore
807 2494 951 2558 παρθένος
980 2495 1104 2561 βέβρωκα
1131 2478 1252 2553 &aaran

187 2572 282 2648 Atque
298 2574 364 2628 inde
383 2575 419 2629 ab
430 2576 560 2629 Homero
577 2584 664 2645 poeta
681 2575 808 2647 optimus
826 2573 947 2644 quisque
964 2572 1043 2642 lecit,
1061 2584 1094 2629 ut
1110 2577 1166 2630 viri
1184 2579 1250 2634 for-

186 2659 286 2715 tissimi
305 2657 385 2713 luctu
403 2668 428 2713 et
446 2657 579 2729 lacrymis
597 2659 708 2713 animos
725 2657 884 2711 calamitate
898 2675 1010 2729 pressos
1018 2658 1156 2715 levarent.
1190 2662 1249 2718 Nec

189 2754 248 2801 erat
264 2744 294 2795 in
312 2741 388 2807 boe,·
407 2758 465 2813 quo
484 2742 587 2794 Graeci
604 2740 795 2805 offenderent,
818 2743 927 2813 quippe
945 2743 995 2811 qui
1014 2759 1030 2794 a
1047 2753 1152 2799 natura
1169 2765 1249 2803 non-

189 2829 259 2883 dum
277 2826 430 2881 abalienati
447 2836 474 2898 et
491 2825 621 2892 abducti,
645 2824 783 2896 quiequid
798 2823 866 2877 huic
883 2834 1104 2886 comentaneum
1122 2841 1208 2897 esset,
1224 2841 1253 2886 et

189 2914 349 2969 humanum
368 2929 425 2977 esse
442 2921 470 2965 et
487 2922 598 2970 rectum
618 2919 773 2965 censerent.
806 2908 914 2981 injuste
927 2910 1016 2981 igitur
1025 2910 1140 2974 Tullius
1147 2914 1251 2993 Dispp.

189 2998 274 3052 Tusc-
292 2996 333 3064 ΙΙ,
353 3014 393 3050 11.
413 2996 444 3050 in
460 3008 556 3068 poetas
573 2997 612 3049 ita
629 2994 790 3050 invehitur:
826 2994 974 3062 „Videsne,
988 3005 1089 3067 poetae
1100 2984 1169 3069 ‹piid
1183 3001 1253 3056 mali

168 3088 170 3097 '
191 3082 330 3147 afferant?
364 3080 564 3143 Lamentantes
579 3080 721 3133 inducunt
736 3079 906 3138 fortissimos
924 3080 1016 3143 viros3
1037 3081 1174 3153 molliunt
1190 3086 1254 3157 api,

192 3182 253 3219 mos
270 3171 402 3229 nostrost
418 3167 538 3232 itasunt
558 3163 657 3221 deinde
675 3163 786 3231 dulces,
805 3174 914 3217 utnon
932 3161 1064 3233 legantur
1082 3166 1189 3233 modo,
1204 3168 1254 3223 sed

194 3251 280 3306 etiarn
298 3248 471 3304 ediscantun
491 3246 557 3303 'Sic
575 3248 610 3302 ad
626 3249 732 3303 malam
749 3248 934 3303 domesticam
953 3241 1136 3324 disciplinam
1148 3252 1254 3308 vitamss

193 3352 249 3407 que
275 3332 456 3393 umbratilem
487 3334 687 3393 eradicatam
710 3351 802 3403 quum
829 3343 1007 3388 accerserunt
1031 3334 1114 3390 etiam
1139 3348 1257 3406 poetae,·

194 3434 299 3471 nervos
316 3434 415 3470 omnes
433 3412 550 3471 virtutis
567 3418 686 3471 elidunt.
720 3418 806 3470 Recte
821 3417 910 3487 igitur
925 3434 943 3469 a
959 3414 1077 3471 Platone
1094 3418 1257 3485 educuntur

196 3519 228 3555 ex
247 3518 280 3553 ea
297 3501 423 3565 civitate,
453 3518 541 3570 quam
557 3499 641 3553 linxit
656 3500 716 3565 ille,
746 3515 838 3569 quum
864 3517 960 3553 mores
982 3501 1107 3570 optimos
1132 3513 1159 3555 et
1176 3503 1257 3574 opti-

196 3603 278 3641 mum
307 3582 482 3656 reipublicae
504 3592 613 3645 statum
638 3583 827 3655 exquireret.“
877 3583 1025 3660 Praeterea
1041 3582 1159 3644 tullius
1192 3588 1258 3641 istas

195 3670 317 3724 heroum
334 3665 550 3731 lamentationes
567 3668 658 3739 poetis
675 3668 839 3721 condonare
856 3666 992 3735 debebat,
1016 3686 1106 3739 quum
1130 3669 1174 3725 bis
1190 3671 1260 3743 ipsis

197 3753 341 3826 personis·
360 3751 583 3806 lamentantibus
615 3753 698 3807 etiam
728 3752 843 3805 virtutis
873 3745 1003 3823 exempla
1033 3750 1259 3825 splendidissima

198 3837 233 3892 ad
258 3835 449 3923 imitationem
470 3838 675 3907 spectatoribus
698 3836 912 3907 lectoribusque
929 3848 1105 3909 proponant.
1145 3839 1260 3893 Lessin-

199 3922 262 3992 gius
279 3919 299 3973 l.
317 3914 338 3971 l.'
358 3929 386 3972 et
403 3910 569 3973 Ciceronem
586 3922 754 3993 perstringit
771 3932 798 3975 et
814 3919 967 3975 hodiernos
982 3920 1124 3990 homines,
1150 3922 1199 3993 qui
1218 3922 1260 3975 ai-

201 4006 306 4059 militer
331 4002 529 4058 fortitudinem
548 4004 665 4059 nimiam
685 4006 703 4057 i.
722 4024 746 4059 e.
770 4006 961 4067 imbecillitate
978 4002 1104 4059 humana
1121 4008 1259 4076 majorem

125 4096 127 4101 '
201 4108 218 4143 a
234 4089 365 4161 personis
377 4088 538 4159 tragoediae
549 4090 696 4161 ‘primariis
711 4091 891 4161 expostulent
907 4091 1000 4162 (Laoc.
1018 4111 1047 4163 p.
1057 4092 1115 4159 176.
1134 4090 1177 4145 ed.
1186 4092 1228 4162 1.).
