2959 4750
572 281 629 322 ····.
674 257 723 330 71
775 284 830 325 ···.

166 465 252 516 rum
266 452 372 536 patre
381 451 428 512 et
440 440 538 512 irato
552 443 682 536 generi
693 442 862 528 humano.
872 439 1100 531 mrdtimodis
1114 438 1234 514 bene--¹

164 560 271 649 feeit,
298 559 450 653 ejusque
469 559 573 653 jussu
587 560 873 654 poenaaffeetus
890 572 957 632 est.
1006 560 1052 654 In
1075 584 1146 654 quo
1171 544 1237 658 di-J

165 675 340 748 sarimine
354 677 386 746 si
401 677 587 749 internam
601 679 661 750 rei
672 677 904 766 Christianae
918 680 1178 773 praestantiam
1192 678 1235 750 in

165 795 478 886 eomparationem
492 817 572 866 non
595 819 790 885 vocamus,
816 797 881 867 sed
896 796 1011 866 solam
1026 805 1234 888 spectamus

164 911 358 1003 utriusque
374 923 412 984 et
426 912 655 986 voluntatem
669 924 706 985 et
722 913 921 1004 audaciam,
938 936 1016 982 non
1023 916 1233 1004 possumus,

165 1028 301 1098 Graeci
317 1052 425 1122 quam
442 1030 489 1099 de
503 1029 650 1122 generis
661 1029 815 1122 humani
827 1029 1123 1126 sospitatoresibi
1137 1049 1232 1098 eon-

163 1145 415 1217 formaremus
434 1146 656 1219 sententiam
679 1147 890 1218 Christiana
915 1169 1136 1241 quamquam
1156 1145 1233 1217 mi-

163 1285 235 1334 nus
260 1273 420 1334 sanctam
445 1263 618 1355 piamque
646 1273 771 1334 tamen
795 1265 1033 1336 audaciorem*
1052 1285 1132 1340 esse
1156 1283 1234 1363 non

162 1379 341 1474 judicare.
390 1374 487 1448 Nam
512 1380 614 1470 quod
628 1379 852 1451 Prometheo
877 1391 1032 1473 propter
1056 1371 1134 1452 eda
1147 1380 1234 1473 meif-

164 1488 365 1593 ἇνθραπον
394 1484 535 1589 τρόπον
567 1506 606 1566 et
634 1487 698 1568 deri
720 1488 788 1595 τήν
812 1495 895 1568 λίαν
925 1487 1102 1594 φιλότητα
1129 1502 1234 1592 βροή

163 1612 240 1693 τῶν
261 1637 284 1682 a
305 1613 397 1684 Jove
418 1612 583 1682 timenda
606 1624 734 1702 erant,¹
764 1639 806 1684 ea
835 1635 912 1683 non
940 1623 1045 1682 erant
1071 1614 1233 1702 Christo,

73 1716 76 1720 ¹
164 1731 226 1802 eui
248 1730 429 1800 cruciatus
453 1729 508 1798 illi
529 1724 569 1798 in
592 1731 706 1800 coelis
727 1731 856 1801 reduci
878 1755 900 1797 a
927 1741 1034 1822 patre
1054 1729 1235 1797 amantis-
1329 1817 1331 1822 ,

165 1848 258 1918 sisne
280 1846 586 1916 resarciebantur.
641 1846 711 1917 Ille
733 1848 823 1920 deos
845 1848 968 1936 laesit,
1000 1856 1042 1915 ut
1063 1843 1234 1914 homines

163 1964 310 2057 bearet,
334 1961 404 2048 hie¹
417 1960 589 2036 homines
610 1960 752 2054 beavit,
784 1974 828 2034 nt
855 1982 942 2033 suae·
958 1963 1103 2060 Deiqne
1119 1957 1235 2054 patris

159 2079 437 2153 obsecundaret
459 2075 653 2150 voluntati.

602 2320 812 2333 m

353 2506 969 2622 'nnnrrno

167 2746 346 2827 Fabulam
366 2714 627 2824 Prometheam
655 2760 804 2822 enarrat
825 2747 1013 2819 Hesiodus
1040 2740 1234 2838 Theogon.

167 2874 215 2945 V.
239 2874 309 2942 521
321 2868 489 2960 -616.‚
516 2870 626 2963 quive
648 2869 809 2961 denique
828 2867 907 2957 ejus
926 2862 1092 2935 centonis
1108 2870 1237 2969 auctor

169 3002 243 3062 est:
294 2972 577 3076 Prometheum,
598 2985 717 3080 Japeti
743 2994 779 3054 et
797 2982 1008 3053 Oceaninae
1024 2978 1154 3067 filium,
1176 2970 1236 3069 ³⁹)

166 3179 377 3198 ...ι-ιι..-

236 3293 285 3360 ”)
301 3288 458 3358 Ὠκεανίνη,
478 3307 567 3359 quam
583 3284 749 3344 Promethei
767 3296 889 3339 matrem
909 3283 992 3339 fuisse
1007 3281 1148 3339 Hesiodus
1166 3296 1239 3335 nar-

167 3388 229 3442 rat,
260 3394 316 3448 pro
340 3374 458 3427 nomine
480 3371 683 3443 patronymico
708 3368 792 3422 debet
816 3370 932 3435 haberi,
965 3385 1023 3439 quo
1050 3367 1157 3421 Oceani
1181 3365 1240 3417 filia

167 3459 354 3533 significatur.
396 3459 519 3511 Actum
536 3456 567 3510 in
583 3464 685 3509 nostra
706 3452 802 3508 tabula
817 3459 853 3511 V.
866 3470 929 3523 ²97·
968 3452 1098 3507 Oceanus
1115 3451 1238 3505 Prome-
1317 3518 1322 3526 .

167 3546 266 3602 theam
283 3544 324 3599 sic
342 3542 460 3598 affatur:

373 3642 410 3699 ια’
426 3663 457 3699 τι
473 3637 527 3717 yria
543 3660 596 3713 μα,
614 3637 699 3709 douai,
716 3636 839 3713 ξυγγενὲς
855 3633 940 3695 οὕτως

373 3725 550 3803 ἐσαναγκάζει

169 3862 232 3907 tum
251 3847 365 3903 Tsetses
387 3844 423 3899 ad
445 3842 591 3917 Lycophr.
608 3844 684 3899 Casa
701 3846 739 3899 V·
754 3843 830 3897 1412.
847 3798 965 3906 ΙἈἀἰασ,
988 3837 1098 3909 inquit,
1120 3842 1167 3893 καὶ
1180 3833 1243 3889 Ἰα-

169 3934 256 3995 πετοῦ
270 3930 442 4004 Πραμηθεὲσ
461 3935 509 3985 καὶ
530 3928 700 4001 ’maundaria
723 3936 751 3981 et
772 3936 857 3999 poeta
884 3926 944 3997 ipse
963 3923 1062 3977 Asiam
1084 3918 1243 3993 Epimethei

171 4028 295 4079 matrem
317 4019 404 4075 inisse
428 4014 512 4084 dicit,
543 4032 633 4087 quam
653 4013 776 4067 Andron
801 4008 1060 4065 Halicarnassensis
1082 4006 1117 4060 ab
1142 4004 1241 4059 eodem

173 4110 280 4163 'suetan
302 4105 339 4161 ad
358 4101 503 4178 Lycophr.
526 4102 564 4158 V·
579 4100 639 4174 ⁸94·
661 4097 792 4153 laudatus
811 4096 918 4153 Oceani
935 4092 1048 4149 filiabus
1064 4100 1244 4149 annumerat
