2959 4750
644 279 900 366 *¹26*-

241 485 438 579 cipientes‚
463 481 576 575 primi
604 481 744 551 fabulas
764 503 874 574 agere
899 481 1021 549 conati
1045 492 1131 551 sunt
1149 475 1195 574 ⁶).
1246 480 1304 552 Ab

238 607 317 692 his,
343 600 614 695 rhapsodorum
629 600 914 668 consuetudines
932 621 973 665 ac
996 622 1119 680 mores
1134 623 1304 690 magnam

240 732 385 815 partem
407 716 637 805 tenentibus,
663 715 867 808 Aeschylus
897 717 1123 807 tragoediam
1153 719 1303 808 accepit,

240 863 349 934 quem
364 859 442 904 non
458 833 580 902 statim
595 834 639 901 ab
658 858 719 922 ea,
747 847 839 926 quae
853 833 911 902 rei
934 843 1066 902 natura
1090 858 1170 903 esse
1193 833 1302 906 vide-

239 967 355 1044 retur,
367 973 520 1046 prorsus
535 951 730 1019 recessisse
744 950 827 1020 luce
844 953 977 1020 diurna
993 952 1125 1020 clarius
1143 961 1304 1041 apparet.

239 1077 294 1144 Ita
303 1073 412 1140 etiam
426 1068 622 1136 indicendi
630 1091 769 1160 genere
783 1069 881 1137 haud
897 1095 1013 1161 pauca
1021 1070 1116 1162 epici
1124 1067 1305 1136 sermonis

239 1189 390 1280 vestigia
405 1185 667 1274 inveniuntur,
695 1209 787 1276 quae
807 1209 1026 1280 quamquam
1043 1186 1151 1255 Musa
1166 1185 1305 1275 tragica

238 1328 315 1376 non
331 1303 558 1394 repudiavit,
584 1313 627 1370 ut
647 1301 840 1392 Sophoclis
859 1315 897 1372 et
910 1305 1044 1395 passim
1061 1305 1171 1372 etiam
1186 1301 1305 1371 Euri-

238 1423 334 1518 pidis
358 1419 500 1490 fabulae
523 1419 675 1512 docent,
702 1430 826 1487 tamen
848 1420 1101 1513 frequentiora
1122 1417 1325 1507 Aeschylo

238 1550 336 1628 sunt,
358 1562 468 1630 quam
482 1538 630 1606 relicuis
651 1538 811 1628 tragicis.
862 1538 1046 1630 Exempla
1069 1549 1191 1605 eutem
1213 1535 1305 1602 haec

236 1658 389 1728 habeto:
410 1655 534 1738 Prom.
545 1655 592 1726 V.
605 1653 688 1721 540.
707 1654 973 1745 ποτινίσσυμαι.
1011 1654 1056 1723 V.
1070 1675 1150 1741 170.
1168 1644 1304 1743 δάμνα·

236 1799 314 1867 μαι.
366 1771 413 1840 V.
434 1769 517 1834 265.
542 1771 752 1859 σμερδναῖσι
775 1772 1008 1865 γαμφηλαῖσι.
1060 1769 1107 1840 V.
1126 1770 1209 1836 421.
1235 1793 1305 1860 με·

237 1877 493 1984 patuerimus.
546 1883 592 1954 V.
613 1883 696 1952 451.
714 1877 950 1982 ὀξυπρώροιο.
1001 1883 1048 1956 V.
1067 1886 1149 1953 448.
1175 1891 1303 1959 θεοῖσι.

237 2008 285 2079 V.
304 2005 387 2073 450.
407 2000 603 2074 εἰδυίαισιν.
656 2002 703 2074 V.
723 2004 807 2072 458.
822 2009 1010 2098 μορφαῖσι.
1061 2003 1109 2074 V.
1127 2003 1214 2092 619.
1229 2006 1304 2077 νίν·

235 2148 367 2221 τροισι.
418 2119 464 2188 V.
485 2121 570 2207 756.
596 2110 761 2198 τόξοισιν.
812 2120 859 2189 V.
877 2120 961 2187 865.
986 2113 1304 2211 παλιμπλαγατοσι

237 2241 285 2312 V.
302 2237 386 2306 542.
407 2229 610 2308 Ὠκεανοῖο.
662 2234 709 2305 V.
730 2234 811 2301 108.
840 2227 1101 2333 ια’ρυπριόροιο.
1152 2236 1200 2307 V.
1217 2236 1302 2327 647.

236 2353 409 2455 μεγαίρω.
459 2354 561 2423 Pers.
580 2349 626 2425 V.
649 2350 729 2419 108.
753 2351 808 2420 ed.
827 2349 950 2445 Glasg.
976 2345 1204 2451 supersapere.
1256 2355 1304 2427 V.
1423 2346 1430 2358 ’

238 2475 323 2543 424.
341 2472 398 2543 τοὶ
422 2464 451 2542 δ’
470 2470 562 2540 ὥστε
578 2493 647 2559 pro
665 2464 780 2554 οὗτοι,
805 2479 843 2535 et
863 2469 910 2540 V.
929 2471 1013 2557 607.
1067 2472 1114 2540 V.
1134 2472 1218 2540 655.
1246 2482 1303 2573 ῥα.

236 2592 283 2663 V.
303 2587 388 2658 656.
414 2586 522 2660 ἔσκεν.
545 2681 550 2690 s
574 2586 734 2677 Septem.
754 2609 783 2652 ο.
800 2584 919 2654 Theb.
945 2584 991 2655 V.
1009 2585 1094 2674 774.
1120 2583 1307 2684 παυλύβο.

237 2734 310 2789 τος.
362 2705 409 2777 V.
436 2706 520 2795 775.
546 2700 628 2777 τίον
647 2725 718 2795 pro
740 2702 848 2776 ἔτιον.
898 2704 1022 2772 Prom.
1047 2704 1093 2775 V.
1115 2705 1196 2774 442.
1217 2705 1304 2783 'At-

238 2832 308 2911 δσς.
346 2813 786 2917 Prom.V.157.ori·ipr.
820 2814 1177 2922 V.1120.4'c'rrvpor.
1219 2825 1303 2898 VII.

238 3000 447 3021 μ

308 3101 337 3171 ⁶)
355 3094 494 3152 Horatius
511 3085 601 3163 Epist.
619 3086 654 3143 ad
673 3084 788 3144 Pisones
806 3089 841 3142 V.
860 3090 1023 3160 275-277.

343 3184 478 3253 Ignotum
496 3177 620 3247 tragicae
637 3194 726 3246 genus
745 3174 886 3227 invenisse
903 3173 1064 3229 camoenae

337 3266 452 3321 Dicitur
470 3272 498 3315 et
514 3257 650 3332 plaustris
668 3261 774 3313 vexisse
792 3269 924 3331 poemata
941 3260 1075 3333 Thespis:
1186 3310 1189 3315 .

342 3353 423 3423 Quae
441 3354 574 3403 cancrent
590 3354 763 3417 agerentque
780 3347 913 3419 peruncti
932 3345 1053 3401 faecibus
1072 3364 1133 3404 ora.

236 3436 417 3497 Dioscorides
436 3434 640 3508 epigrammate
658 3430 689 3485 in
707 3432 855 3487 Analectis
876 3436 947 3489 Vett.
965 3442 1117 3505 poctarum
1142 3443 1211 3492 tom.
1230 3435 1253 3489 l.
1270 3457 1301 3510 p.

236 3532 297 3601 497.
315 3524 389 3581 xvi.
921 3574 925 3582 .

337 3616 438 3671 Θέσπιν
455 3607 525 3679 ἐμοὶ,
542 3606 676 3677 τραγικήν
693 3605 723 3661 tte
740 3601 882 3660 α’νέπλασα
900 3602 1008 3671 πρῶτον
1024 3602 1123 3674 αἀιδήν

402 3688 543 3760 κωμήταις
561 3687 660 3756 νεαροῖς
676 3686 849 3750 ααινοτομυῖν
866 3682 989 3756 χάριτας.

239 3777 445 3837 contristato
464 3774 563 3827 Minoe
579 3794 610 3845 p.
630 3776 688 3825 ι4ο.
707 3768 752 3825 ed.
771 3769 835 3842 Bip.
853 3767 871 3840 ἦ
890 3768 1027 3843 τραγῳδία
1044 3773 1102 3828 ἔστι
1118 3773 1238 3832 παλαιόρ
1254 3776 1306 3832 ἕρ.

238 3864 322 3934 aste,
346 3861 394 3933 οἰχ
411 3860 448 3920 air
465 3864 572 3917 οἴονται
587 3856 643 3915 cirri
662 3853 794 3914 Θέσπιδος
817 3853 973 3929 ἄρξαμένη,
1004 3854 1060 3913 οὐδ’
1084 3855 1142 3914 ανδ
1160 3866 1304 3931 Φρυνίχου,

238 3948 299 4007 attt’
316 3947 342 4005 ιῖ
358 3946 449 4005 θέλοις
465 3946 611 4017 ἐννοῆσαι,
628 3941 701 4000 πάνυ
717 3943 840 3999 παλαιὸν
857 3940 976 4012 ια’ρὴσιιι
992 3943 1024 4001 ὃν
1039 3944 1120 4015 τῆιὸι
1135 3944 1185 4014 τῆι
1200 3944 1305 4005 πόλεως

239 4032 358 4107 εὕρημα.
392 4030 538 4088 videndus
554 4030 700 4103 Bentlejus
723 4026 871 4085 Dissertat.
894 4029 929 4084 de
946 4030 1028 4101 Orig.
1052 4030 1178 4102 tragoed.
1201 4042 1228 4086 et
1245 4032 1307 4086 Re-

209 4180 211 4187 ,
241 4137 339 4193 spons.
357 4118 393 4175 ad
409 4115 492 4187 Boyt.
