2959 4750
533 263 893 338 ’-·40-·

240 507 251 526 .·
317 459 425 548 Qua
456 449 502 524 do
536 477 643 524 causa
677 457 849 526 Oceanus
867 456 872 464 ’
888 475 1034 523 scenam
1075 453 1303 547 ingrediatur

239 576 313 666 jam
329 571 572 666 significatum
588 567 655 663 est,
671 579 790 664 'quum
806 573 852 641 de
866 571 1011 639 fabulae
1025 574 1185 663 partium
1197 596 1305 641 com-

201 745 203 750 .
241 692 427 783 positione
452 701 632 782 ageretur.
684 687 756 758 His
781 687 989 757 addendum
1016 699 1090 778 est,
1129 713 1173 758 eo
1190 688 1306 776 effici,

243 818 286 878 ut
309 806 555 876 Prometheus
588 805 745 879 diversis
777 803 982 873 rationibus
1014 803 1059 873 ab
1092 806 1218 876 etnicis
1236 806 1306 897 ju-

228 923 395 1006 vbeatur,
438 945 565 1016 paoem
606 945 691 993 cum
728 921 820 993 Jove
840 953 844 959 ·
863 931 1139 1012 coagmentare,⁴
1178 933 1222 992 ut
1259 942 1309 990 ne

244 1061 399 1134 prorsus
424 1037 562 1131 pereat.
614 1039 670 1123 Ita
696 1038 887 1124 Oceanus,
917 1035 1054 1127 loquax
1078 1047 1127 1106 et·
1140 1036 1310 1111 infirmus

247 1177 389 1244 senex‚·
416 1153 637 1252 adhortandi
668 1151 757 1225 facit
786 1152 946 1223 initium·
1008 1143 1123 1241 Cujus
1154 1153 1309 1246 pusillu-

248 1251 404 1339 nimitas-
418 1291 545 1362 quum
570 1268 722 1360 longius
756 1271 850 1338 absit
873 1290 895 1336 a
919 1264 1134 1337 Promethei
1157 1291 1311 1361 magna-

248 1387 428 1456 nimitate
441 1395 480 1462 et
505 1385 755 1475 contumaciu5
776 1383 884 1454 facile
907 1382 1096 1474 respuitur
1108 1383 1200 1476 ,ejas
1219 1407 1313 1454 con-

246 1480 401 1584 silium.=
443 1501 544 1570 Tum
573 1500 623 1568 in·
651 1502 828 1572 obrussae
850 1497 968 1592 gradu
981 1496 1154 1569 ‘secundo
1181 1493 1238 1591 (ut
1261 1501 1313 1569 ita

251 1612 395 1712 loquar)
409 1617 687 1717 Oceanitidum,
713 1617 899 1708 virginum
913 1613 1198 1705 intelligentium
1216 1616 1314 1682 arni-

244 1741 470 1824 ²carumque,
500 1734 653 1800 consilio
679 1729 789 1821 atque
812 1728 985 1820 precibus
1009 1727 1065 1794 ad
1080 1729 1158 1797 irae
1181 1729 1316 1798 mode.-

253 1846 437 1916 rationem
452 1845 635 1938 'lotisque
666 1841 852 1916 timorem
865 1843 1097 1912 admonetur.
1125 1875 1128 1881 ·
1154 1843 1227 1914 Vel
1257 1844 1317 1914 his

243 1939 399 2054 spretis
431 1960 668 2054 rejectisque,
719 1958 963 2050 clandestina,
1003 1981 1105 2052 ,quae
1145 1981 1186 2027 se
1223 1961 1318 2029 scire

243 2076 434 2170 ¹gloriatus
454 2077 558 2164 erat,
586 2069 705 2146 edere
717 2077 842 2148 verbis
867 2097 944 2142 non
961 2073 1159 2142 admodum
1177 2077 1318 2147 acerbis

244 2176 280 2260 ²a
305 2188 493 2258 Mercurio
517 2190 675 2280 jubetur.
726 2188 800 2258 Vel
824 2189 877 2256 sio
901 2187 1041 2256 inflexo
1076 2190 1228 2258 nuntius
1256 2192 1318 2258 di·-

244 2305 366 2379 ¹vinus
391 2304 596 2376 horrendas
622 2286 759 2399 poenus
778 2302 959 2395 minatur3
985 2303 1049 2395 qui
1063 2303 1212 2373 ultimus
1226 2328 1320 2396 pru-

241 2422 372 2489 ·bandi
397 2421 532 2511 gradus
559 2432 615 2490 est
636 2416 706 2511 ¹³).
740 2502 743 2507 p
763 2417 813 2489 At
844 2420 954 2489 etiam
982 2420 1033 2489 ita
1057 2410 1135 2486 non
1159 2421 1320 2490 vincitur

258 2580 468 2617 w·

241 2668 242 2673 ’
282 2700 284 2705 ,
331 2660 373 2725 lt)
392 2662 425 2713 In
446 2658 499 2711 hac
522 2656 694 2730 pedetentim
716 2658 791 2713 sacta
815 2657 959 2715 firminus
983 2658 1074 2717 animi
1090 2658 1252 2715 Promethei
1269 2677 1321 2717 ex.-

261 2744 419 2817 plicatione
443 2743 526 2798 etiam
549 2740 711 2795 Fridericus
731 2741 883 2795 Jacobsius
905 2743 937 2795 iu
959 2740 1037 2795 libro
1059 2742 1250 2815 „charactere
1272 2744 1323 2801 der

263 2830 467 2885 vornehmsten
491 2825 633 2881 Dichter“
664 2836 734 2881 tom.
751 2825 788 2880 ll.
817 2845 847 2896 p.
863 2829 925 2881 454.
950 2842 1084 2894 magnam
1109 2839 1210 2899 poetae
1232 2838 1322 2885 artem

258 2915 399 2985 ·aguosoit.
450 2938 452 2945 ·
951 2944 957 2953 ·
1006 2938 1009 2943 ·
1314 2958 1320 2965 ,

332 2997 453 3052 Eosdem
478 2994 509 3048 in
534 3011 603 3047 usus
630 2993 717 3050 etiam
741 2992 819 3048 lonis
848 2992 1043 3048 interventum
1068 3004 1158 3065 poeta
1184 2995 1325 3055 adhibuit.

240 3084 353 3154 :Cujus
366 3100 432 3149 cum
443 3076 604 3133 Promethei
622 3078 730 3133 doloris
748 3078 885 3149 patientia
901 3077 1048 3147 animique
1063 3080 1223 3149 pervicacia
1241 3097 1325 3140 com·

264 3177 381 3239 parata,
404 3164 453 3217 illa
474 3162 558 3230 longe
581 3160 763 3233 multumque
787 3162 823 3215 ab
849 3160 905 3214 hoc
932 3172 1096 3232 superatur.
1141 3164 1327 3223 Prometheus

265 3250 356 3315 enim,
373 3263 446 3318 quae
463 3244 517 3296 sibi
532 3243 631 3309 futura
642 3253 731 3312 sunt,
742 3245 880 3309 ¹omnium
897 3245 1042 3319 praescius
1054 3245 1095 3306 ad
1108 3246 1219 3301 luctum
1231 3248 1327 3321 lacry-

240 3359 243 3367 .
264 3348 383 3404 masque
404 3327 509 3403 ¹adduci
526 3329 641 3404 nequit,
666 3326 765 3384 Ionem
783 3347 868 3396 vero,
892 3328 1012 3383 simulac
1033 3338 1146 3402 partem
1162 3332 1260 3399 saltem
1278 3353 1328 3387 er.

258 3436 368 3489 ,rorum
386 3416 440 3483 sibi
457 3404 630 3469 futurorum
642 3413 809 3486 accepisset,
838 3414 973 3479 flebiliter
990 3414 1090 3492 lugere
1112 3435 1145 3470 ex
1163 3434 1196 3471 eo
1213 3418 1328 3490 colligi·

261 3512 332 3581 ¹tur,
350 3501 429 3575 quod
446 3518 509 3557 eam
526 3498 566 3553 sic
584 3497 743 3575 alloquitur
760 3499 808 3553 ille
826 3500 873 3571 (V.
890 3519 949 3573 721,
967 3504 1038 3579 732.)

463 3600 518 3670 πρό
534 3619 562 3669 ys
580 3598 715 3661 στενάζεις
733 3610 780 3654 καὶ
796 3599 884 3670 φόβου
900 3600 971 3653 πλέα
987 3617 1030 3667 rqr
1045 3600 1080 3656 aL

347 3720 351 3735 .
463 3684 588 3750 ἐπίσχες,
607 3680 695 3739 ἔπ’ἂν
713 3689 760 3737 nul
775 3680 813 3750 ad
827 3682 912 3750 λοιπαὶ
927 3675 1102 3756 nortuum.
1137 3733 1138 3738 ,

266 3786 435 3853 Rursusque
452 3781 623 3838 admonetur
641 3783 676 3834 V.
693 3782 767 3853 767„
789 3794 825 3838 nt
841 3782 1019 3853 lacrymandi
1034 3784 1121 3839 finem
1139 3786 1231 3841 saciat.
1264 3788 1329 3859 Op·

265 3872 335 3923 time
356 3868 408 3920 hac
433 3866 469 3919 de
491 3884 523 3919 re
540 3868 589 3922 Fr.
606 3866 754 3920 Jacohsius
766 3868 849 3924 ·Mus.
862 3869 922 3921 Au.
944 3878 1014 3926 tom.
1028 3869 1078 3923 111.
1102 3889 1132 3941 p.
1145 3872 1208 3925 546.
1231 3871 1330 3943 loqui-

267 3964 348 4007 tur-:³
365 3952 409 4005 dio
433 3951 532 4006 leiden.
547 3952 597 4004 der
623 3951 781 4021 verl‘olgten
804 3952 865 4005 und
888 3950 1171 4025 umh'crgetriehenen
1192 3956 1329 4027 junglrau

266 4038 385 4118 sordere
394 4036 582 4091 unmittclbar
594 4054 629 4089 au
642 4036 720 4091 einer
734 4036 932 4118 vergleichung
945 4040 999 4093 mit
1011 4039 1143 4109 den-weit
1155 4056 1330 4112 groesscren,
