<?xml version="1.0" encoding="UTF-8"?>
<!DOCTYPE html PUBLIC "-//W3C//DTD XHTML 1.0 Transitional//EN"
    "http://www.w3.org/TR/xhtml1/DTD/xhtml1-transitional.dtd">
<html xmlns="http://www.w3.org/1999/xhtml" xml:lang="en" lang="en">
 <head>
  <title>
</title>
<meta http-equiv="Content-Type" content="text/html;charset=utf-8" />
  <meta name='ocr-system' content='tesseract 3.04.00' />
  <meta name='ocr-capabilities' content='ocr_page ocr_carea ocr_par ocr_line ocrx_word'/>
</head>
<body>
  <div class='ocr_page' id='page_1' title='image "./commentatiodeae00aescgoog_0060.png"; bbox 0 0 2959 4750; ppageno 0'>
   <div class='ocr_carea' id='block_1_1' title="bbox 642 304 910 392">
    <p class='ocr_par' dir='ltr' id='par_1_1' title="bbox 642 304 910 392">
     <span class='ocr_line' id='line_1_1' title="bbox 642 304 910 392; baseline 0.015 -4"><span class='ocrx_word' id='word_1_1' title='bbox 642 326 710 388; x_wconf 80' lang='grc'><strong>.·-·</strong></span> <span class='ocrx_word' id='word_1_2' title='bbox 753 304 802 392; x_wconf 77' lang='grc'><strong>58</strong></span> <span class='ocrx_word' id='word_1_3' title='bbox 852 326 910 362; x_wconf 78' lang='grc'><strong>-”</strong></span> 
     </span>
    </p>
   </div>
   <div class='ocr_carea' id='block_1_2' title="bbox 140 485 1373 3165">
    <p class='ocr_par' dir='ltr' id='par_1_2' title="bbox 140 485 1373 3165">
     <span class='ocr_line' id='line_1_2' title="bbox 241 485 1309 600; baseline 0 -22"><span class='ocrx_word' id='word_1_4' title='bbox 241 509 348 597; x_wconf 86' lang='lat' dir='ltr'><strong>Quae</strong></span> <span class='ocrx_word' id='word_1_5' title='bbox 381 489 493 578; x_wconf 80' lang='lat' dir='ltr'><strong>rerba</strong></span> <span class='ocrx_word' id='word_1_6' title='bbox 525 503 642 575; x_wconf 85' lang='lat' dir='ltr'><strong>nolim</strong></span> <span class='ocrx_word' id='word_1_7' title='bbox 680 527 765 575; x_wconf 86' lang='lat' dir='ltr'><strong>cum</strong></span> <span class='ocrx_word' id='word_1_8' title='bbox 790 505 976 576; x_wconf 85' lang='lat' dir='ltr'><strong>Valckero</strong></span> <span class='ocrx_word' id='word_1_9' title='bbox 1001 485 1025 576; x_wconf 73' lang='lat' dir='ltr'><strong>t&#39;.</strong></span> <span class='ocrx_word' id='word_1_10' title='bbox 1041 505 1070 575; x_wconf 88' lang='lat' dir='ltr'><strong>I.</strong></span> <span class='ocrx_word' id='word_1_11' title='bbox 1095 485 1132 600; x_wconf 93' lang='grc' dir='ltr'>Ρ</span> <span class='ocrx_word' id='word_1_12' title='bbox 1152 487 1233 576; x_wconf 74' lang='lat'><strong>104.</strong></span> <span class='ocrx_word' id='word_1_13' title='bbox 1260 488 1309 578; x_wconf 83' lang='lat' dir='ltr'><strong>ex</strong></span> 
     </span>
     <span class='ocr_line' id='line_1_3' title="bbox 239 622 1310 719; baseline 0.001 -26"><span class='ocrx_word' id='word_1_14' title='bbox 239 635 369 716; x_wconf 85' lang='lat' dir='ltr'><strong>poetae</strong></span> <span class='ocrx_word' id='word_1_15' title='bbox 393 622 514 692; x_wconf 88' lang='lat' dir='ltr'><strong>ironia</strong></span> <span class='ocrx_word' id='word_1_16' title='bbox 539 623 695 715; x_wconf 88' lang='lat' dir='ltr'><strong>quadam</strong></span> <span class='ocrx_word' id='word_1_17' title='bbox 718 635 900 716; x_wconf 85' lang='lat' dir='ltr'><strong>repetere.</strong></span> <span class='ocrx_word' id='word_1_18' title='bbox 956 622 1042 703; x_wconf 92' lang='lat' dir='ltr'><strong>Hoc</strong></span> <span class='ocrx_word' id='word_1_19' title='bbox 1068 625 1168 694; x_wconf 87' lang='lat' dir='ltr'><strong>enim</strong></span> <span class='ocrx_word' id='word_1_20' title='bbox 1193 648 1310 719; x_wconf 86' lang='lat' dir='ltr'><strong>genus</strong></span> 
     </span>
     <span class='ocr_line' id='line_1_4' title="bbox 240 723 1310 831; baseline 0.001 -21"><span class='ocrx_word' id='word_1_21' title='bbox 240 740 401 810; x_wconf 81' lang='lat' dir='ltr'><strong>aChori</strong></span> <span class='ocrx_word' id='word_1_22' title='bbox 424 738 556 831; x_wconf 84' lang='lat' dir='ltr'><strong>tragici</strong></span> <span class='ocrx_word' id='word_1_23' title='bbox 579 723 756 830; x_wconf 86' lang='lat' dir='ltr'><strong>dignitate</strong></span> <span class='ocrx_word' id='word_1_24' title='bbox 781 749 966 816; x_wconf 87' lang='lat' dir='ltr'><strong>remotum</strong></span> <span class='ocrx_word' id='word_1_25' title='bbox 993 763 1074 810; x_wconf 88' lang='lat' dir='ltr'><strong>esse</strong></span> <span class='ocrx_word' id='word_1_26' title='bbox 1100 740 1210 829; x_wconf 89' lang='lat' dir='ltr'><strong>solet,</strong></span> <span class='ocrx_word' id='word_1_27' title='bbox 1237 747 1310 811; x_wconf 72' lang='lat' dir='ltr'><strong>ne-&#39;</strong></span> 
     </span>
     <span class='ocr_line' id='line_1_5' title="bbox 240 848 1310 950; baseline 0.001 -26"><span class='ocrx_word' id='word_1_28' title='bbox 240 879 312 950; x_wconf 91' lang='lat' dir='ltr'><strong>que</strong></span> <span class='ocrx_word' id='word_1_29' title='bbox 338 854 435 936; x_wconf 78' lang='grc' dir='ltr'><strong><em>ὅστις</em></strong></span> <span class='ocrx_word' id='word_1_30' title='bbox 460 848 541 928; x_wconf 78' lang='grc' dir='ltr'>ποτ’</span> <span class='ocrx_word' id='word_1_31' title='bbox 565 853 662 928; x_wconf 79' lang='grc' dir='ltr'><strong><em>ἐστίν</em></strong></span> <span class='ocrx_word' id='word_1_32' title='bbox 686 857 800 929; x_wconf 83' lang='lat' dir='ltr'><strong>rerba</strong></span> <span class='ocrx_word' id='word_1_33' title='bbox 825 855 926 925; x_wconf 89' lang='lat' dir='ltr'><strong>aliud</strong></span> <span class='ocrx_word' id='word_1_34' title='bbox 950 854 1020 925; x_wconf 89' lang='lat' dir='ltr'>sibi</span> <span class='ocrx_word' id='word_1_35' title='bbox 1045 855 1142 929; x_wconf 83' lang='lat' dir='ltr'><strong>velle</strong></span> <span class='ocrx_word' id='word_1_36' title='bbox 1164 856 1310 950; x_wconf 84' lang='lat' dir='ltr'><strong>judica-</strong></span> 
     </span>
     <span class='ocr_line' id='line_1_6' title="bbox 239 972 1308 1068; baseline 0.002 -26"><span class='ocrx_word' id='word_1_37' title='bbox 239 997 341 1062; x_wconf 89' lang='lat' dir='ltr'>mus,</span> <span class='ocrx_word' id='word_1_38' title='bbox 368 981 484 1066; x_wconf 80' lang='lat' dir='ltr'><strong>quam&#39;</strong></span> <span class='ocrx_word' id='word_1_39' title='bbox 502 984 546 1043; x_wconf 93' lang='lat' dir='ltr'><strong>ut</strong></span> <span class='ocrx_word' id='word_1_40' title='bbox 561 972 663 1046; x_wconf 83' lang='lat' dir='ltr'><strong>Jovis</strong></span> <span class='ocrx_word' id='word_1_41' title='bbox 687 973 918 1067; x_wconf 88' lang='lat' dir='ltr'><strong>deorumque</strong></span> <span class='ocrx_word' id='word_1_42' title='bbox 938 974 1118 1043; x_wconf 81' lang='lat' dir='ltr'><strong>incertam</strong></span> <span class='ocrx_word' id='word_1_43' title='bbox 1132 996 1202 1044; x_wconf 87' lang='lat' dir='ltr'><strong>nec</strong></span> <span class='ocrx_word' id='word_1_44' title='bbox 1217 998 1308 1068; x_wconf 89' lang='lat' dir='ltr'><strong>per-</strong></span> 
     </span>
     <span class='ocr_line' id='line_1_7' title="bbox 237 1088 1312 1183; baseline -0.001 -23"><span class='ocrx_word' id='word_1_45' title='bbox 237 1092 372 1160; x_wconf 87' lang='lat' dir='ltr'><strong>fectam</strong></span> <span class='ocrx_word' id='word_1_46' title='bbox 412 1088 604 1159; x_wconf 89' lang='lat' dir='ltr'><strong>scientiam</strong></span> <span class='ocrx_word' id='word_1_47' title='bbox 644 1089 844 1159; x_wconf 86' lang='lat' dir='ltr'><strong>humanam</strong></span> <span class='ocrx_word' id='word_1_48' title='bbox 884 1089 1088 1183; x_wconf 76' lang='lat' dir='ltr'><strong>designent.</strong></span> <span class='ocrx_word' id='word_1_49' title='bbox 1163 1090 1312 1160; x_wconf 87' lang='lat' dir='ltr'><strong>Deinde</strong></span> 
     </span>
     <span class='ocr_line' id='line_1_8' title="bbox 239 1202 1308 1300; baseline -0.002 -24"><span class='ocrx_word' id='word_1_50' title='bbox 239 1231 353 1300; x_wconf 92' lang='lat' dir='ltr'><strong>quum</strong></span> <span class='ocrx_word' id='word_1_51' title='bbox 369 1202 573 1298; x_wconf 84' lang='lat' dir='ltr'><strong>Aeschylus</strong></span> <span class='ocrx_word' id='word_1_52' title='bbox 591 1228 669 1275; x_wconf 91' lang='lat' dir='ltr'><strong>non</strong></span> <span class='ocrx_word' id='word_1_53' title='bbox 685 1207 807 1277; x_wconf 89' lang='lat' dir='ltr'><strong>solum</strong></span> <span class='ocrx_word' id='word_1_54' title='bbox 831 1206 890 1299; x_wconf 77' lang='lat' dir='ltr'><strong>his</strong></span> <span class='ocrx_word' id='word_1_55' title='bbox 905 1204 1191 1298; x_wconf 82' lang='lat' dir='ltr'><strong>Agamemnonis</strong></span> <span class='ocrx_word' id='word_1_56' title='bbox 1217 1229 1308 1277; x_wconf 84' lang='lat' dir='ltr'><strong>ver-</strong></span> 
     </span>
     <span class='ocr_line' id='line_1_9' title="bbox 239 1321 1309 1416; baseline -0.002 -24"><span class='ocrx_word' id='word_1_57' title='bbox 239 1323 359 1410; x_wconf 87' lang='lat' dir='ltr'><strong>sibus,</strong></span> <span class='ocrx_word' id='word_1_58' title='bbox 396 1345 528 1394; x_wconf 80' lang='lat' dir='ltr'><strong>verum</strong></span> <span class='ocrx_word' id='word_1_59' title='bbox 555 1322 665 1392; x_wconf 85' lang='lat' dir='ltr'><strong>etiam</strong></span> <span class='ocrx_word' id='word_1_60' title='bbox 689 1321 884 1416; x_wconf 86' lang='lat' dir='ltr'><strong>permultis</strong></span> <span class='ocrx_word' id='word_1_61' title='bbox 909 1323 1133 1392; x_wconf 86' lang='lat' dir='ltr'><strong>relicuarum</strong></span> <span class='ocrx_word' id='word_1_62' title='bbox 1156 1332 1309 1414; x_wconf 85' lang='lat' dir='ltr'><strong>tragoe-</strong></span> 
     </span>
     <span class='ocr_line' id='line_1_10' title="bbox 238 1436 1309 1530; baseline -0.005 -22"><span class='ocrx_word' id='word_1_63' title='bbox 238 1440 384 1508; x_wconf 87' lang='lat' dir='ltr'><strong>diarum</strong></span> <span class='ocrx_word' id='word_1_64' title='bbox 407 1437 498 1508; x_wconf 88' lang='lat' dir='ltr'><strong>locis</strong></span> <span class='ocrx_word' id='word_1_65' title='bbox 521 1449 563 1508; x_wconf 85' lang='lat' dir='ltr'><strong>et</strong></span> <span class='ocrx_word' id='word_1_66' title='bbox 585 1436 715 1511; x_wconf 78' lang='lat' dir='ltr'><strong>Iovem</strong></span> <span class='ocrx_word' id='word_1_67' title='bbox 746 1448 783 1508; x_wconf 89' lang='lat' dir='ltr'><strong>et</strong></span> <span class='ocrx_word' id='word_1_68' title='bbox 809 1449 951 1509; x_wconf 83' lang='lat' dir='ltr'><strong>ceteros</strong></span> <span class='ocrx_word' id='word_1_69' title='bbox 984 1441 1074 1510; x_wconf 90' lang='lat' dir='ltr'><strong>deos</strong></span> <span class='ocrx_word' id='word_1_70' title='bbox 1108 1438 1309 1530; x_wconf 81' lang='lat' dir='ltr'><strong>omniqua</strong></span> 
     </span>
     <span class='ocr_line' id='line_1_11' title="bbox 241 1552 1308 1649; baseline -0.003 -25"><span class='ocrx_word' id='word_1_71' title='bbox 241 1574 308 1649; x_wconf 83' lang='lat' dir='ltr'><strong>par</strong></span> <span class='ocrx_word' id='word_1_72' title='bbox 334 1563 414 1624; x_wconf 80' lang='lat' dir='ltr'><strong>erat</strong></span> <span class='ocrx_word' id='word_1_73' title='bbox 436 1566 637 1627; x_wconf 80' lang='lat' dir='ltr'><strong>veneretur</strong></span> <span class='ocrx_word' id='word_1_74' title='bbox 663 1553 862 1645; x_wconf 86' lang='lat' dir='ltr'><strong>modestia,</strong></span> <span class='ocrx_word' id='word_1_75' title='bbox 887 1579 1003 1649; x_wconf 91' lang='lat' dir='ltr'><strong>quum</strong></span> <span class='ocrx_word' id='word_1_76' title='bbox 1026 1557 1156 1628; x_wconf 85' lang='lat' dir='ltr'><strong>Jorem</strong></span> <span class='ocrx_word' id='word_1_77' title='bbox 1173 1552 1308 1623; x_wconf 88' lang='lat' dir='ltr'><strong>omni-</strong></span> 
     </span>
     <span class='ocr_line' id='line_1_12' title="bbox 236 1671 1314 1766; baseline -0.003 -25"><span class='ocrx_word' id='word_1_78' title='bbox 236 1681 440 1765; x_wconf 83' lang='lat' dir='ltr'><strong>potentem,</strong></span> <span class='ocrx_word' id='word_1_79' title='bbox 459 1671 655 1742; x_wconf 91' lang='lat' dir='ltr'><strong>homiuum</strong></span> <span class='ocrx_word' id='word_1_80' title='bbox 671 1673 900 1766; x_wconf 87' lang='lat' dir='ltr'><strong>deorumque</strong></span> <span class='ocrx_word' id='word_1_81' title='bbox 914 1696 1052 1764; x_wconf 90' lang='lat' dir='ltr'><strong>regem,</strong></span> <span class='ocrx_word' id='word_1_82' title='bbox 1074 1671 1314 1756; x_wconf 74' lang='lat' dir='ltr'><strong>omniscium,</strong></span> 
     </span>
     <span class='ocr_line' id='line_1_13' title="bbox 235 1786 1373 1880; baseline -0.004 -24"><span class='ocrx_word' id='word_1_83' title='bbox 235 1789 406 1876; x_wconf 88' lang='lat' dir='ltr'><strong>beatum,</strong></span> <span class='ocrx_word' id='word_1_84' title='bbox 430 1797 617 1876; x_wconf 85' lang='lat' dir='ltr'><strong>sanctum,</strong></span> <span class='ocrx_word' id='word_1_85' title='bbox 642 1811 828 1858; x_wconf 90' lang='lat' dir='ltr'><strong>summum</strong></span> <span class='ocrx_word' id='word_1_86' title='bbox 854 1787 966 1858; x_wconf 91' lang='lat' dir='ltr'><strong>deum</strong></span> <span class='ocrx_word' id='word_1_87' title='bbox 990 1786 1204 1880; x_wconf 87' lang='lat' dir='ltr'><strong>compellet,</strong></span> <span class='ocrx_word' id='word_1_88' title='bbox 1224 1791 1311 1852; x_wconf 80' lang='lat' dir='ltr'><strong>·no-²</strong></span> <span class='ocrx_word' id='word_1_89' title='bbox 1367 1861 1373 1872; x_wconf 34' lang='lat'><strong><em>¹</em></strong></span> 
     </span>
     <span class='ocr_line' id='line_1_14' title="bbox 237 1889 1305 1995; baseline -0.005 -21"><span class='ocrx_word' id='word_1_90' title='bbox 237 1913 313 1974; x_wconf 81' lang='lat' dir='ltr'><strong>stra</strong></span> <span class='ocrx_word' id='word_1_91' title='bbox 339 1889 497 1976; x_wconf 85' lang='lat' dir='ltr'><strong>veroin</strong></span> <span class='ocrx_word' id='word_1_92' title='bbox 519 1902 641 1974; x_wconf 78' lang='lat' dir='ltr'><strong>fabula</strong></span> <span class='ocrx_word' id='word_1_93' title='bbox 665 1904 831 1995; x_wconf 91' lang='lat' dir='ltr'><strong>ejusdem</strong></span> <span class='ocrx_word' id='word_1_94' title='bbox 854 1905 1043 1976; x_wconf 83' lang='lat' dir='ltr'><strong>veneratio</strong></span> <span class='ocrx_word' id='word_1_95' title='bbox 1068 1923 1147 1971; x_wconf 91' lang='lat' dir='ltr'><strong>non</strong></span> <span class='ocrx_word' id='word_1_96' title='bbox 1163 1901 1305 1991; x_wconf 86' lang='lat' dir='ltr'><strong>eadem,</strong></span> 
     </span>
     <span class='ocr_line' id='line_1_15' title="bbox 237 2019 1311 2114; baseline -0.003 -25"><span class='ocrx_word' id='word_1_97' title='bbox 237 2042 287 2090; x_wconf 90' lang='lat' dir='ltr'><strong>ne</strong></span> <span class='ocrx_word' id='word_1_98' title='bbox 311 2020 430 2090; x_wconf 85' lang='lat' dir='ltr'><strong>dicam</strong></span> <span class='ocrx_word' id='word_1_99' title='bbox 456 2021 649 2114; x_wconf 87' lang='lat' dir='ltr'><strong>despectus</strong></span> <span class='ocrx_word' id='word_1_100' title='bbox 670 2020 847 2090; x_wconf 81' lang='lat' dir='ltr'><strong>etodium</strong></span> <span class='ocrx_word' id='word_1_101' title='bbox 863 2042 943 2089; x_wconf 88' lang='lat' dir='ltr'><strong>esse</strong></span> <span class='ocrx_word' id='word_1_102' title='bbox 957 2019 1146 2109; x_wconf 81' lang='lat' dir='ltr'><strong>videatur,</strong></span> <span class='ocrx_word' id='word_1_103' title='bbox 1173 2041 1311 2111; x_wconf 88' lang='lat' dir='ltr'><strong>operae</strong></span> 
     </span>
     <span class='ocr_line' id='line_1_16' title="bbox 235 2133 1307 2232; baseline -0.006 -25"><span class='ocrx_word' id='word_1_104' title='bbox 235 2138 398 2232; x_wconf 86' lang='lat' dir='ltr'><strong>pretium</strong></span> <span class='ocrx_word' id='word_1_105' title='bbox 439 2140 510 2208; x_wconf 85' lang='lat' dir='ltr'><strong>erit</strong></span> <span class='ocrx_word' id='word_1_106' title='bbox 549 2137 755 2207; x_wconf 87' lang='lat' dir='ltr'><strong>accuratius</strong></span> <span class='ocrx_word' id='word_1_107' title='bbox 796 2137 1057 2228; x_wconf 85' lang='lat' dir='ltr'><strong>introspicere,</strong></span> <span class='ocrx_word' id='word_1_108' title='bbox 1102 2135 1191 2227; x_wconf 92' lang='lat' dir='ltr'><strong>quid</strong></span> <span class='ocrx_word' id='word_1_109' title='bbox 1210 2133 1307 2222; x_wconf 42' lang='lat' dir='ltr'><strong>„sibi</strong></span> 
     </span>
     <span class='ocr_line' id='line_1_17' title="bbox 140 2233 1304 2350; baseline -0.008 -23"><span class='ocrx_word' id='word_1_110' title='bbox 140 2251 142 2253; x_wconf 58' lang='grc'><strong>’</strong></span> <span class='ocrx_word' id='word_1_111' title='bbox 235 2265 345 2350; x_wconf 86' lang='lat' dir='ltr'><strong>poeta</strong></span> <span class='ocrx_word' id='word_1_112' title='bbox 370 2278 455 2325; x_wconf 91' lang='lat' dir='ltr'><strong>cum</strong></span> <span class='ocrx_word' id='word_1_113' title='bbox 479 2254 570 2326; x_wconf 87' lang='lat' dir='ltr'><strong>Jove</strong></span> <span class='ocrx_word' id='word_1_114' title='bbox 595 2277 683 2342; x_wconf 87' lang='lat' dir='ltr'><strong>suo,</strong></span> <span class='ocrx_word' id='word_1_115' title='bbox 716 2251 833 2345; x_wconf 86' lang='lat' dir='ltr'><strong>qualis</strong></span> <span class='ocrx_word' id='word_1_116' title='bbox 863 2233 1054 2323; x_wconf 83' lang='lat' dir='ltr'><strong>invenitur</strong></span> <span class='ocrx_word' id='word_1_117' title='bbox 1077 2253 1120 2323; x_wconf 89' lang='lat' dir='ltr'><strong>in</strong></span> <span class='ocrx_word' id='word_1_118' title='bbox 1144 2250 1304 2320; x_wconf 89' lang='lat' dir='ltr'><strong>Prome·-</strong></span> 
     </span>
     <span class='ocr_line' id='line_1_18' title="bbox 235 2365 1305 2465; baseline -0.008 -20"><span class='ocrx_word' id='word_1_119' title='bbox 235 2374 344 2464; x_wconf 90' lang='lat' dir='ltr'><strong>the0,</strong></span> <span class='ocrx_word' id='word_1_120' title='bbox 370 2374 530 2447; x_wconf 83' lang='lat' dir='ltr'><strong>voluerit</strong></span> <span class='ocrx_word' id='word_1_121' title='bbox 550 2365 622 2465; x_wconf 84' lang='lat'><strong>²⁹).</strong></span> <span class='ocrx_word' id='word_1_122' title='bbox 673 2369 761 2443; x_wconf 86' lang='lat' dir='ltr'><strong>Erit</strong></span> <span class='ocrx_word' id='word_1_123' title='bbox 785 2382 909 2441; x_wconf 85' lang='lat' dir='ltr'><strong>autem</strong></span> <span class='ocrx_word' id='word_1_124' title='bbox 933 2369 981 2438; x_wconf 89' lang='lat' dir='ltr'><strong>ad</strong></span> <span class='ocrx_word' id='word_1_125' title='bbox 1005 2369 1101 2439; x_wconf 87' lang='lat' dir='ltr'><strong>hano</strong></span> <span class='ocrx_word' id='word_1_126' title='bbox 1115 2369 1305 2463; x_wconf 88' lang='lat' dir='ltr'><strong>quaestio-</strong></span> 
     </span>
     <span class='ocr_line' id='line_1_19' title="bbox 235 2486 1321 2581; baseline -0.003 -23"><span class='ocrx_word' id='word_1_127' title='bbox 235 2510 323 2558; x_wconf 87' lang='lat' dir='ltr'><strong>nem</strong></span> <span class='ocrx_word' id='word_1_128' title='bbox 348 2488 647 2581; x_wconf 87' lang='lat' dir='ltr'><strong>respondendum</strong></span> <span class='ocrx_word' id='word_1_129' title='bbox 672 2498 754 2557; x_wconf 89' lang='lat' dir='ltr'><strong>tum</strong></span> <span class='ocrx_word' id='word_1_130' title='bbox 786 2511 835 2556; x_wconf 82' lang='lat' dir='ltr'><strong>er</strong></span> <span class='ocrx_word' id='word_1_131' title='bbox 858 2486 981 2555; x_wconf 88' lang='lat' dir='ltr'><strong>fabula</strong></span> <span class='ocrx_word' id='word_1_132' title='bbox 1011 2486 1111 2577; x_wconf 89' lang='lat' dir='ltr'><strong>ipsa,</strong></span> <span class='ocrx_word' id='word_1_133' title='bbox 1151 2496 1233 2553; x_wconf 87' lang='lat' dir='ltr'><strong>tum</strong></span> <span class='ocrx_word' id='word_1_134' title='bbox 1256 2510 1321 2575; x_wconf 10' lang='lat' dir='ltr'><strong>ex,</strong></span> 
     </span>
     <span class='ocr_line' id='line_1_20' title="bbox 234 2601 1303 2696; baseline -0.004 -21"><span class='ocrx_word' id='word_1_135' title='bbox 234 2604 382 2675; x_wconf 88' lang='lat' dir='ltr'><strong>relicuis</strong></span> <span class='ocrx_word' id='word_1_136' title='bbox 407 2603 579 2695; x_wconf 85' lang='lat' dir='ltr'><strong>trilogiae</strong></span> <span class='ocrx_word' id='word_1_137' title='bbox 602 2602 769 2696; x_wconf 88' lang='lat' dir='ltr'><strong>partibus</strong></span> <span class='ocrx_word' id='word_1_138' title='bbox 794 2602 819 2671; x_wconf 94' lang='lat' dir='ltr'><strong>i.</strong></span> <span class='ocrx_word' id='word_1_139' title='bbox 841 2626 872 2671; x_wconf 91' lang='lat' dir='ltr'><strong>e.</strong></span> <span class='ocrx_word' id='word_1_140' title='bbox 899 2624 947 2670; x_wconf 83' lang='lat' dir='ltr'><strong>ex</strong></span> <span class='ocrx_word' id='word_1_141' title='bbox 973 2601 1044 2690; x_wconf 89' lang='lat' dir='ltr'><strong>eis,</strong></span> <span class='ocrx_word' id='word_1_142' title='bbox 1072 2624 1165 2692; x_wconf 89' lang='lat' dir='ltr'><strong>quae</strong></span> <span class='ocrx_word' id='word_1_143' title='bbox 1188 2624 1303 2694; x_wconf 88' lang='lat' dir='ltr'><strong>argu-</strong></span> 
     </span>
     <span class='ocr_line' id='line_1_21' title="bbox 213 2720 1304 2812; baseline -0.003 -21"><span class='ocrx_word' id='word_1_144' title='bbox 213 2733 421 2811; x_wconf 80' lang='lat' dir='ltr'><strong>mentum,</strong></span> <span class='ocrx_word' id='word_1_145' title='bbox 458 2720 682 2790; x_wconf 87' lang='lat' dir='ltr'><strong>Prometheo</strong></span> <span class='ocrx_word' id='word_1_146' title='bbox 709 2720 834 2792; x_wconf 81' lang='lat' dir='ltr'><strong>vincto</strong></span> <span class='ocrx_word' id='word_1_147' title='bbox 861 2727 1097 2807; x_wconf 89' lang='lat' dir='ltr'><strong>contentum,</strong></span> <span class='ocrx_word' id='word_1_148' title='bbox 1130 2730 1304 2812; x_wconf 82' lang='lat' dir='ltr'><strong>etprae-</strong></span> 
     </span>
     <span class='ocr_line' id='line_1_22' title="bbox 235 2834 1303 2931; baseline -0.003 -24"><span class='ocrx_word' id='word_1_149' title='bbox 235 2847 439 2931; x_wconf 82' lang='lat' dir='ltr'><strong>cesserant,</strong></span> <span class='ocrx_word' id='word_1_150' title='bbox 482 2848 518 2907; x_wconf 89' lang='lat' dir='ltr'><strong>et</strong></span> <span class='ocrx_word' id='word_1_151' title='bbox 549 2848 673 2906; x_wconf 88' lang='lat' dir='ltr'><strong>secuta</strong></span> <span class='ocrx_word' id='word_1_152' title='bbox 705 2845 803 2904; x_wconf 89' lang='lat' dir='ltr'><strong>sunt.</strong></span> <span class='ocrx_word' id='word_1_153' title='bbox 862 2835 1030 2926; x_wconf 70' lang='lat' dir='ltr'><strong>Primum</strong></span> <span class='ocrx_word' id='word_1_154' title='bbox 1054 2845 1180 2903; x_wconf 87' lang='lat' dir='ltr'><strong>autem</strong></span> <span class='ocrx_word' id='word_1_155' title='bbox 1207 2834 1303 2908; x_wconf 76' lang='lat' dir='ltr'><strong>vixit</strong></span> 
     </span>
     <span class='ocr_line' id='line_1_23' title="bbox 233 2945 1303 3041; baseline -0.005 -18"><span class='ocrx_word' id='word_1_156' title='bbox 233 2953 477 3023; x_wconf 84' lang='lat' dir='ltr'><strong>Prometheus</strong></span> <span class='ocrx_word' id='word_1_157' title='bbox 503 2952 570 3020; x_wconf 89' lang='lat' dir='ltr'><strong>sub</strong></span> <span class='ocrx_word' id='word_1_158' title='bbox 597 2951 748 3019; x_wconf 83' lang='lat' dir='ltr'><strong>Saturni</strong></span> <span class='ocrx_word' id='word_1_159' title='bbox 781 2949 949 3041; x_wconf 90' lang='lat' dir='ltr'><strong>imperio.</strong></span> <span class='ocrx_word' id='word_1_160' title='bbox 1019 2945 1160 3019; x_wconf 83' lang='lat' dir='ltr'><strong>Contra</strong></span> <span class='ocrx_word' id='word_1_161' title='bbox 1193 2972 1303 3041; x_wconf 91' lang='lat' dir='ltr'><strong>quem</strong></span> 
     </span>
     <span class='ocr_line' id='line_1_24' title="bbox 234 3063 1304 3165; baseline -0.005 -26"><span class='ocrx_word' id='word_1_162' title='bbox 234 3094 349 3165; x_wconf 87' lang='lat' dir='ltr'><strong>quum</strong></span> <span class='ocrx_word' id='word_1_163' title='bbox 377 3068 480 3140; x_wconf 88' lang='lat' dir='ltr'><strong>inter</strong></span> <span class='ocrx_word' id='word_1_164' title='bbox 513 3069 603 3161; x_wconf 85' lang='lat' dir='ltr'><strong>deos</strong></span> <span class='ocrx_word' id='word_1_165' title='bbox 636 3066 768 3139; x_wconf 83' lang='lat' dir='ltr'><strong>seditio</strong></span> <span class='ocrx_word' id='word_1_166' title='bbox 803 3065 1033 3158; x_wconf 82' lang='lat' dir='ltr'><strong>exoriretur,</strong></span> <span class='ocrx_word' id='word_1_167' title='bbox 1067 3063 1192 3137; x_wconf 82' lang='lat' dir='ltr'><strong>etalii</strong></span> <span class='ocrx_word' id='word_1_168' title='bbox 1218 3088 1304 3135; x_wconf 88' lang='lat' dir='ltr'><strong>eum</strong></span> 
     </span>
    </p>
   </div>
   <div class='ocr_carea' id='block_1_3' title="bbox 229 3358 1330 3779">
    <p class='ocr_par' dir='ltr' id='par_1_3' title="bbox 229 3358 1330 3779">
     <span class='ocr_line' id='line_1_25' title="bbox 300 3358 1299 3441; baseline 0 -19"><span class='ocrx_word' id='word_1_169' title='bbox 300 3370 346 3437; x_wconf 81' lang='lat'><strong>⁸⁹)</strong></span> <span class='ocrx_word' id='word_1_170' title='bbox 364 3368 478 3441; x_wconf 85' lang='lat' dir='ltr'><strong>Jupiter</strong></span> <span class='ocrx_word' id='word_1_171' title='bbox 495 3366 579 3422; x_wconf 78' lang='lat' dir='ltr'><strong>enim&#39;</strong></span> <span class='ocrx_word' id='word_1_172' title='bbox 590 3373 711 3421; x_wconf 80' lang='lat' dir='ltr'><strong>vocatur</strong></span> <span class='ocrx_word' id='word_1_173' title='bbox 728 3362 832 3423; x_wconf 69' lang='grc' dir='ltr'><strong><em>τέλειος</em></strong></span> <span class='ocrx_word' id='word_1_174' title='bbox 848 3362 970 3419; x_wconf 73' lang='lat' dir='ltr'><strong>numen.</strong></span> <span class='ocrx_word' id='word_1_175' title='bbox 986 3364 1082 3436; x_wconf 57' lang='lat' dir='ltr'><strong>·V.-27.</strong></span> <span class='ocrx_word' id='word_1_176' title='bbox 1107 3358 1200 3422; x_wconf 72' lang='lat' dir='ltr'><strong>noim</strong></span> <span class='ocrx_word' id='word_1_177' title='bbox 1216 3367 1299 3436; x_wconf 70' lang='grc' dir='ltr'><strong><em>κραί-</em></strong></span> 
     </span>
     <span class='ocr_line' id='line_1_26' title="bbox 231 3447 1330 3532; baseline -0.006 -20"><span class='ocrx_word' id='word_1_178' title='bbox 231 3477 293 3532; x_wconf 34' lang='grc' dir='ltr'><strong>νων,</strong></span> <span class='ocrx_word' id='word_1_179' title='bbox 307 3455 344 3510; x_wconf 88' lang='lat' dir='ltr'><strong>V.</strong></span> <span class='ocrx_word' id='word_1_180' title='bbox 365 3456 423 3527; x_wconf 88' lang='lat'><strong>760.</strong></span> <span class='ocrx_word' id='word_1_181' title='bbox 447 3450 611 3525; x_wconf 71' lang='grc' dir='ltr'><strong><em>α’μφιθαλήσ</em></strong></span> <span class='ocrx_word' id='word_1_182' title='bbox 628 3450 756 3525; x_wconf 87' lang='lat' dir='ltr'><strong>Choeph.</strong></span> <span class='ocrx_word' id='word_1_183' title='bbox 771 3447 1039 3523; x_wconf 70' lang='lat' dir='ltr'><strong>V..392.·.uuvdoeaqe</strong></span> <span class='ocrx_word' id='word_1_184' title='bbox 1053 3449 1165 3523; x_wconf 59' lang='lat' dir='ltr'><strong>sappi.</strong></span> <span class='ocrx_word' id='word_1_185' title='bbox 1187 3450 1223 3506; x_wconf 90' lang='lat' dir='ltr'><strong>V.</strong></span> <span class='ocrx_word' id='word_1_186' title='bbox 1242 3453 1302 3521; x_wconf 78' lang='lat'><strong>139.</strong></span> <span class='ocrx_word' id='word_1_187' title='bbox 1328 3457 1330 3460; x_wconf 79' lang='grc'><em>’</em></span> 
     </span>
     <span class='ocr_line' id='line_1_27' title="bbox 230 3534 1303 3612; baseline -0.006 -17"><span class='ocrx_word' id='word_1_188' title='bbox 230 3538 311 3612; x_wconf 72' lang='grc' dir='ltr'><em>α’γνὸς</em></span> <span class='ocrx_word' id='word_1_189' title='bbox 333 3538 437 3612; x_wconf 87' lang='lat' dir='ltr'><strong>Suppl.</strong></span> <span class='ocrx_word' id='word_1_190' title='bbox 456 3539 491 3593; x_wconf 87' lang='lat' dir='ltr'><strong>V.</strong></span> <span class='ocrx_word' id='word_1_191' title='bbox 506 3540 567 3593; x_wconf 74' lang='lat'><strong>048.</strong></span> <span class='ocrx_word' id='word_1_192' title='bbox 591 3538 719 3611; x_wconf 72' lang='grc' dir='ltr'><strong>βασιλεῠς</strong></span> <span class='ocrx_word' id='word_1_193' title='bbox 735 3537 812 3591; x_wconf 83' lang='lat' dir='ltr'><strong>Pers.</strong></span> <span class='ocrx_word' id='word_1_194' title='bbox 830 3538 866 3596; x_wconf 90' lang='lat' dir='ltr'><strong>V.</strong></span> <span class='ocrx_word' id='word_1_195' title='bbox 877 3540 938 3596; x_wconf 77' lang='lat'><strong>532.</strong></span> <span class='ocrx_word' id='word_1_196' title='bbox 964 3534 1130 3610; x_wconf 65' lang='grc' dir='ltr'><strong><em>πανεργετῆς</em></strong></span> <span class='ocrx_word' id='word_1_197' title='bbox 1146 3536 1249 3608; x_wconf 77' lang='lat' dir='ltr'><strong>Agam.</strong></span> <span class='ocrx_word' id='word_1_198' title='bbox 1266 3538 1303 3593; x_wconf 93' lang='lat' dir='ltr'><strong>V.</strong></span> 
     </span>
     <span class='ocr_line' id='line_1_28' title="bbox 232 3619 1302 3697; baseline -0.004 -18"><span class='ocrx_word' id='word_1_199' title='bbox 232 3628 308 3681; x_wconf 82' lang='lat'><strong>1508.</strong></span> <span class='ocrx_word' id='word_1_200' title='bbox 334 3622 427 3697; x_wconf 73' lang='grc' dir='ltr'><strong><em>ὄλβιος</em></strong></span> <span class='ocrx_word' id='word_1_201' title='bbox 450 3624 554 3696; x_wconf 82' lang='lat' dir='ltr'><strong>Suppl.</strong></span> <span class='ocrx_word' id='word_1_202' title='bbox 577 3626 612 3677; x_wconf 91' lang='lat' dir='ltr'><strong>V.</strong></span> <span class='ocrx_word' id='word_1_203' title='bbox 627 3626 687 3676; x_wconf 83' lang='lat'><strong>520.</strong></span> <span class='ocrx_word' id='word_1_204' title='bbox 710 3621 815 3694; x_wconf 89' lang='lat' dir='ltr'><strong>Suppl.</strong></span> <span class='ocrx_word' id='word_1_205' title='bbox 840 3623 950 3675; x_wconf 72' lang='lat' dir='ltr'><strong>V-522.</strong></span> <span class='ocrx_word' id='word_1_206' title='bbox 971 3640 1035 3692; x_wconf 87' lang='lat' dir='ltr'><strong>sqq.</strong></span> <span class='ocrx_word' id='word_1_207' title='bbox 1065 3619 1138 3685; x_wconf 75' lang='grc' dir='ltr'><em>ἄναξ</em></span> <span class='ocrx_word' id='word_1_208' title='bbox 1163 3619 1302 3689; x_wconf 69' lang='lat' dir='ltr'><strong>aiveinon,</strong></span> 
     </span>
     <span class='ocr_line' id='line_1_29' title="bbox 229 3702 1302 3779; baseline -0.007 -15"><span class='ocrx_word' id='word_1_209' title='bbox 229 3706 363 3779; x_wconf 69' lang='grc' dir='ltr'><strong><em>μακάρων</em></strong></span> <span class='ocrx_word' id='word_1_210' title='bbox 384 3704 574 3778; x_wconf 67' lang='grc' dir='ltr'><strong><em>μακάρτατος,</em></strong></span> <span class='ocrx_word' id='word_1_211' title='bbox 598 3712 645 3761; x_wconf 78' lang='grc' dir='ltr'><strong>καὶ</strong></span> <span class='ocrx_word' id='word_1_212' title='bbox 660 3704 759 3761; x_wconf 77' lang='grc' dir='ltr'><em>τελέων</em></span> <span class='ocrx_word' id='word_1_213' title='bbox 775 3703 954 3759; x_wconf 62' lang='lat' dir='ltr'><strong>retentator</strong></span> <span class='ocrx_word' id='word_1_214' title='bbox 970 3703 1083 3774; x_wconf 70' lang='grc' dir='ltr'><strong>κράτος,</strong></span> <span class='ocrx_word' id='word_1_215' title='bbox 1096 3702 1200 3775; x_wconf 67' lang='grc' dir='ltr'><strong>4ὄλβιος</strong></span> <span class='ocrx_word' id='word_1_216' title='bbox 1221 3702 1302 3764; x_wconf 67' lang='lat' dir='ltr'><strong>uste.</strong></span> 
     </span>
    </p>
   </div>
   <div class='ocr_carea' id='block_1_4' title="bbox 229 3787 1301 4119">
    <p class='ocr_par' dir='ltr' id='par_1_4' title="bbox 229 3787 1301 4119">
     <span class='ocr_line' id='line_1_30' title="bbox 230 3787 1301 3863; baseline 0.006 -20"><span class='ocrx_word' id='word_1_217' title='bbox 230 3790 274 3848; x_wconf 82' lang='lat' dir='ltr'><strong>cf.</strong></span> <span class='ocrx_word' id='word_1_218' title='bbox 300 3792 404 3863; x_wconf 82' lang='lat' dir='ltr'><strong>Agam.</strong></span> <span class='ocrx_word' id='word_1_219' title='bbox 431 3791 465 3847; x_wconf 89' lang='lat' dir='ltr'><strong>V.</strong></span> <span class='ocrx_word' id='word_1_220' title='bbox 489 3792 550 3845; x_wconf 80' lang='lat'><strong>555.</strong></span> <span class='ocrx_word' id='word_1_221' title='bbox 590 3789 670 3845; x_wconf 87' lang='lat' dir='ltr'><strong>Pers.</strong></span> <span class='ocrx_word' id='word_1_222' title='bbox 694 3790 730 3843; x_wconf 88' lang='lat' dir='ltr'><strong>V.</strong></span> <span class='ocrx_word' id='word_1_223' title='bbox 748 3792 809 3845; x_wconf 80' lang='lat'><strong>828.</strong></span> <span class='ocrx_word' id='word_1_224' title='bbox 848 3787 952 3861; x_wconf 80' lang='lat' dir='ltr'><strong>suppl.</strong></span> <span class='ocrx_word' id='word_1_225' title='bbox 972 3790 1008 3843; x_wconf 93' lang='lat' dir='ltr'><strong>V.</strong></span> <span class='ocrx_word' id='word_1_226' title='bbox 1022 3790 1083 3845; x_wconf 86' lang='lat'><strong>400.</strong></span> <span class='ocrx_word' id='word_1_227' title='bbox 1094 3792 1174 3847; x_wconf 68' lang='lat'><strong>525..</strong></span> <span class='ocrx_word' id='word_1_228' title='bbox 1194 3790 1301 3862; x_wconf 66' lang='lat' dir='ltr'><strong>Agant.</strong></span> 
     </span>
     <span class='ocr_line' id='line_1_31' title="bbox 230 3872 1299 3948; baseline -0.001 -19"><span class='ocrx_word' id='word_1_229' title='bbox 230 3879 267 3934; x_wconf 89' lang='lat' dir='ltr'><strong>V.</strong></span> <span class='ocrx_word' id='word_1_230' title='bbox 287 3876 365 3931; x_wconf 74' lang='lat'><strong>1586.</strong></span> <span class='ocrx_word' id='word_1_231' title='bbox 398 3874 527 3948; x_wconf 81' lang='lat' dir='ltr'><strong>Choeph.</strong></span> <span class='ocrx_word' id='word_1_232' title='bbox 545 3875 657 3929; x_wconf 79' lang='lat' dir='ltr'><strong>v.510.</strong></span> <span class='ocrx_word' id='word_1_233' title='bbox 675 3878 735 3945; x_wconf 80' lang='lat'><strong>379.</strong></span> <span class='ocrx_word' id='word_1_234' title='bbox 753 3877 813 3947; x_wconf 57' lang='lat'><strong>³92</strong></span> <span class='ocrx_word' id='word_1_235' title='bbox 832 3874 894 3928; x_wconf 78' lang='lat'><strong>643.</strong></span> <span class='ocrx_word' id='word_1_236' title='bbox 927 3874 1031 3948; x_wconf 80' lang='lat' dir='ltr'><strong>Suppl.</strong></span> <span class='ocrx_word' id='word_1_237' title='bbox 1051 3874 1163 3946; x_wconf 79' lang='lat' dir='ltr'><strong>V.599.</strong></span> <span class='ocrx_word' id='word_1_238' title='bbox 1198 3872 1299 3930; x_wconf 78' lang='lat' dir='ltr'><strong>Velck.</strong></span> 
     </span>
     <span class='ocr_line' id='line_1_32' title="bbox 230 3960 1298 4034; baseline -0.002 -19"><span class='ocrx_word' id='word_1_239' title='bbox 230 3962 249 4016; x_wconf 88' lang='grc' dir='ltr'><strong>Ι.</strong></span> <span class='ocrx_word' id='word_1_240' title='bbox 268 3962 289 4017; x_wconf 90' lang='lat'><strong>1.</strong></span> <span class='ocrx_word' id='word_1_241' title='bbox 313 3982 343 4034; x_wconf 92' lang='lat' dir='ltr'><strong>p.</strong></span> <span class='ocrx_word' id='word_1_242' title='bbox 358 3980 401 4034; x_wconf 77' lang='lat'><strong>99.</strong></span> <span class='ocrx_word' id='word_1_243' title='bbox 422 3978 479 4016; x_wconf 75' lang='lat' dir='ltr'><strong>roo.</strong></span> <span class='ocrx_word' id='word_1_244' title='bbox 522 3960 654 4015; x_wconf 85' lang='lat' dir='ltr'><strong>Bluemu.</strong></span> <span class='ocrx_word' id='word_1_245' title='bbox 678 3960 732 4013; x_wconf 88' lang='lat' dir='ltr'><strong>I.l.</strong></span> <span class='ocrx_word' id='word_1_246' title='bbox 757 3979 787 4033; x_wconf 90' lang='lat' dir='ltr'><strong>p.</strong></span> <span class='ocrx_word' id='word_1_247' title='bbox 813 3964 971 4015; x_wconf 80' lang='lat' dir='ltr'><strong>rot-104.</strong></span> <span class='ocrx_word' id='word_1_248' title='bbox 1005 3960 1100 4032; x_wconf 81' lang='lat' dir='ltr'><strong>Quam</strong></span> <span class='ocrx_word' id='word_1_249' title='bbox 1126 3964 1298 4031; x_wconf 82' lang='lat' dir='ltr'><strong>conjunctae</strong></span> 
     </span>
     <span class='ocr_line' id='line_1_33' title="bbox 229 4034 1298 4119; baseline -0.002 -19"><span class='ocrx_word' id='word_1_250' title='bbox 229 4047 332 4100; x_wconf 82' lang='lat' dir='ltr'><strong>sintin</strong></span> <span class='ocrx_word' id='word_1_251' title='bbox 349 4044 534 4119; x_wconf 79' lang='lat' dir='ltr'><strong>supplicibus</strong></span> <span class='ocrx_word' id='word_1_252' title='bbox 547 4034 625 4099; x_wconf 80' lang='lat' dir='ltr'><strong>Iovis</strong></span> <span class='ocrx_word' id='word_1_253' title='bbox 637 4046 757 4119; x_wconf 82' lang='lat' dir='ltr'><strong>Fatiqua</strong></span> <span class='ocrx_word' id='word_1_254' title='bbox 773 4044 841 4116; x_wconf 83' lang='lat' dir='ltr'><strong>justi</strong></span> <span class='ocrx_word' id='word_1_255' title='bbox 858 4048 1005 4117; x_wconf 74' lang='lat' dir='ltr'><strong>nettones,</strong></span> <span class='ocrx_word' id='word_1_256' title='bbox 1023 4045 1156 4101; x_wconf 81' lang='lat' dir='ltr'><strong>observat</strong></span> <span class='ocrx_word' id='word_1_257' title='bbox 1174 4045 1298 4101; x_wconf 69' lang='lat' dir='ltr'><strong>Consiua</strong></span> 
     </span>
    </p>
   </div>
   <div class='ocr_carea' id='block_1_5' title="bbox 229 4128 701 4205">
    <p class='ocr_par' dir='ltr' id='par_1_5' title="bbox 229 4128 701 4205">
     <span class='ocr_line' id='line_1_34' title="bbox 229 4128 701 4205; baseline 0.008 -21"><span class='ocrx_word' id='word_1_258' title='bbox 229 4131 339 4185; x_wconf 83' lang='lat' dir='ltr'><strong>Introd.</strong></span> <span class='ocrx_word' id='word_1_259' title='bbox 357 4132 393 4187; x_wconf 80' lang='lat' dir='ltr'><strong>ad</strong></span> <span class='ocrx_word' id='word_1_260' title='bbox 410 4130 513 4204; x_wconf 83' lang='lat' dir='ltr'><strong>suppl.</strong></span> <span class='ocrx_word' id='word_1_261' title='bbox 531 4150 562 4205; x_wconf 90' lang='lat' dir='ltr'><strong>p.</strong></span> <span class='ocrx_word' id='word_1_262' title='bbox 573 4128 701 4187; x_wconf 81' lang='lat' dir='ltr'><strong>XXXIII.</strong></span> 
     </span>
    </p>
   </div>
   <div class='ocr_carea' id='block_1_6' title="bbox 0 0 1484 4750">
    <p class='ocr_par' dir='ltr' id='par_1_6' title="bbox 0 0 1484 4750">
     <span class='ocr_line' id='line_1_35' title="bbox 0 0 1484 4750; baseline 0 4"><span class='ocrx_word' id='word_1_263' title='bbox 0 0 1484 4750; x_wconf 95' lang='lat' dir='ltr'><strong> </strong></span> 
     </span>
    </p>
   </div>
  </div>
 </body>
</html>
