2959 4750
620 281 672 331 -“-.
722 280 874 356 54-:2'

217 496 299 546 esse
323 469 464 562 studet,
489 480 736 564 spectatorum
762 469 877 543 oculis
901 467 1080 541 humanas
1096 469 1280 565 producat

218 612 413 686 personas,
440 610 595 681 quarum
611 588 834 682 ponderose
853 589 924 683 ipsi
938 588 1149 659 metiantur.
1200 587 1280 658 Jam

215 707 367 790 verosi
389 706 576 799 utrimque
606 705 712 776 aliter
737 707 994 778 concinnatam
1019 728 1100 775 esse
1123 703 1284 774 Prome-

215 821 346 894 theum
375 823 541 893 animmn
572 822 816 916 advertimus,
856 825 898 895 in
932 822 1028 894 tanti
1063 820 1286 892 discriminis

218 961 365 1020 causam
393 939 620 1038 investigare
654 943 845 1036 cogimur..
889 936 945 1011 Ac
977 937 1090 1057 quod
1107 959 1188 1007 non
1211 937 1287 1007 nisi

219 1053 308 1126 deos
340 1047 381 1124 in
405 1047 630 1128 Prometheo
659 1045 730 1129 ‘sua
761 1061 955 1152 loquentes
986 1064 1097 1148 poeta
1127 1053 1216 1124 fecit
1249 1061 1287 1124 et

220 1161 381 1264 agentes,
394 1167 455 1266 ²⁵)
480 1173 583 1244 idox
608 1173 688 1266 ejus
713 1189 851 1247 natura-
869 1187 907 1245 et
930 1171 1102 1265 ingenio,
1127 1167 1175 1237 ad
1190 1177 1289 1238 astra

219 1289 402 1378 enitente,
427 1288 575 1360 videtur
600 1291 847 1384 repetendum
873 1311 965 1360 esse.
1012 1285 1069 1356 Ea
1091 1286 1192 1356 enim
1211 1295 1291 1358 erat
1324 1347 1327 1350 ,

219 1401 393 1499 Aeschyli
415 1415 567 1495 natura,
593 1416 647 1476 ut.
660 1408 915 1479 vetustissima
926 1415 966 1475 et
979 1403 1155 1475 altissima
1170 1426 1288 1496 quae-

221 1543 293 1614 que
317 1523 478 1592 maxime
502 1523 706 1616 adamaret,
732 1547 827 1619 quae
850 1522 1061 1594 recentiora
1086 1531 1196 1591 etex
1213 1520 1290 1592 vita

220 1635 391 1707 humana
408 1639 600 1735 desumpta
625 1652 750 1712 essent
770 1640 1031 1710 reformidaret
1050 1631 1124 1728 ²⁶).
1180 1636 1292 1709 Unde

222 1755 480 1847 consequitur,
521 1781 581 1826 res
604 1759 752 1830 divinas
777 1757 813 1826 ei
836 1757 1019 1825 maximae
1041 1754 1158 1823 fuisse
1184 1753 1290 1823 dele-

221 1869 397 1962 ctationi,
438 1897 572 1967 easque
602 1875 804 1968 imprimis,
841 1895 935 1966 quae
966 1871 1013 1940 ad
1037 1857 1293 1961 antiquissima

221 1995 400 2080 tempora
413 1991 654 2082 pertinerent.
716 1987 766 2060 At
791 2013 906 2083 quum
930 1989 1009 2057 no'n
1032 1987 1065 2056 is
1092 1994 1189 2059 esset
1212 1985 1291 2060 Ae-

223 2104 388 2197 schylus,
415 2108 479 2199 qui
503 2133 565 2178 res
591 2107 733 2179 divinas
758 2129 836 2175 nou
851 2103 1050 2175 admodum
1066 2116 1194 2195 aptum
1209 2117 1294 2182 ,tra-

223 2222 438 2312 goediarum
464 2247 548 2294 esse.
569 2235 848 2317 argumentum,
887 2219 964 2289 ullo
997 2219 1110 2288 niodo
1132 2223 1293 2316 ignora..

168 2386 171 2392 -
223 2346 300 2426 ret,
334 2340 407 2410 tale
440 2340 551 2435 elegit
581 2341 827 2431 Prometheo,
863 2339 963 2433 quod
993 2338 1159 2431 quamvis
1192 2340 1295 2414 divi..

201 2470 333 2542 uum,
359 2466 435 2525 tam
460 2464 585 2525 tamen
611 2467 709 2527 esset
733 2481 819 2528 cum
842 2458 954 2525 rebus
978 2456 1152 2524 humanis
1174 2457 1295 2551 iisque

224 2569 450 2663 gravissimis
474 2572 746 2665 conjunctum,
762 2582 807 2643 ut
821 2572 1056 2643 audientium
1080 2593 1191 2643 nemo
1216 2596 1295 2646 non

226 2682 378 2756 deberet
402 2711 446 2757 eo
473 2691 710 2761 commoveri.

316 2800 382 2872 ·Ita
407 2816 530 2876 autem
555 2806 695 2895 effecit,
720 2817 764 2877 ut
778 2804 1023 2874 Prometheus
1038 2802 1162 2874 fabuia
1174 2804 1294 2901 fieret,

226 2936 305 2984 non
331 2919 481 3011 quidem
503 2920 713 3013 popularis,
739 2920 805 2991 sed
825 2919 929 3015 quod
945 2917 1056 3011 longe
1070 2920 1220 3011 majoris
1240 2936 1298 2998 est

226 3032 424 3125 ponderis,
451 3048 545 3129 quae
569 3060 689 3130 genus·
710 3038 915 3109 humanum
940 3058 1052 3106 omne
1075 3046 1245 3131 tangeret
1260 3051 1298 3114 et

228 3151 333 3241 quasi
367 3153 674 3247 complecteretur
693 3148 767 3245 2⁷).
833 3151 949 3244 Atqui
981 3173 1024 3221 eo
1057 3151 1159 3243 ipso,
1197 3156 1298 3245 quod

398 3316 430 3339 3⁵2⁵*

431 3373 438 3386 a

297 3452 428 3523 ²⁸)'Sola
444 3464 472 3511 et
488 3453 777 3513 uuicaPrometheus
794 3462 836 3509 est
851 3455 1015 3529 tragoedia,
1038 3456 1071 3511 in
1088 3472 1147 3530 qua
1162 3472 1225 3512 nou
1241 3456 1299 3514 nisi

229 3537 380 3611 dii'yagunt.
420 3537 455 3595 In
480 3540 609 3616 relicuis,
632 3550 665 3617 ut
686 3540 717 3593 in
743 3540 824 3612 epico
839 3549 952 3612 'genere
974 3542 998 3595 si
1025 3543 1065 3597 dii
1082 3542 1297 3616 producuntur,

228 3641 290 3677 non
315 3635 375 3679 tarn
397 3642 448 3678 sua
478 3642 566 3697 quam
597 3626 721 3680 heroum
749 3643 832 3679 cansa
861 3627 892 3678 in
910 3631 1030 3682 'scenam
1060 3628 1298 3699 progrediuntur.

228 3706 329 3778 Itaque
351 3707 407 3762 hoc
432 3710 550 3764 nomine
574 3728 639 3764 cum
657 3708 739 3762 nullo
758 3709 884 3764 carmine
902 3709 1030 3767 fabulam
1046 3721 1175 3768 nostram
1191 3714 1301 3770 luben-

229 3793 288 3849 tius
306 3806 523 3866 compararem,
545 3814 633 3867 quam
650 3794 873 3858 eum'Valmikii
889 3795 1056 3869 Ramajana.

297 3886 341 3969 π)
359 3896 457 3951 Persas
475 3896 612 3969 excipias,
637 3898 719 3970 cujus
736 3898 909 3976 exceptionis
927 3889 1058 3957 causain
1075 3901 1232 3978 propatulo
1248 3912 1300 3957 est.

299 4000 344 4071 ²⁷)
362 4001 449 4058 Haud
466 4000 595 4056 absimile
605 4000 750 4073 'Eugeniae
761 4002 937 4059 Goethianae
955 4016 996 4060 est
1012 4012 1222 4077 argumentum,
1242 4020 1301 4075 qua

230 4079 327 4138 tabula
343 4085 491 4158 docetur,
507 4107 604 4145 serum
623 4087 793 4155 muliebrem
811 4088 905 4147 ¹solum
932 4091 953 4146 i.
968 4108 992 4145 e.
1009 4108 1027 4148 a
1045 4088 1122 4145 virssi
1138 4091 1298 4161 sejunctum
