2959 4750
641 279 872 364 ..fi-

226 479 334 580 pauci
365 475 539 557 insistere
570 475 692 550 conati
726 475 802 548 sint
820 469 869 571 ¹).
917 471 1014 547 Nam
1046 497 1160 570 qnam
1190 473 1286 548 later

228 598 521 696 Schlegelianus,
552 615 633 666 rem
667 595 904 666 dramaticum
936 593 1201 687 complectens,
1240 619 1286 665 eo

230 716 382 788 consilio
409 718 457 787 sit
482 716 730 808 conscriptus,
763 721 808 783 ut
830 709 1032 782 multorum
1063 714 1287 805 populorum

228 833 351 928 poesis
377 830 574 905 dramatico
600 831 703 924 quasi
734 831 777 900 in
800 841 1000 924 conspectu
1021 841 1227 922 poneretur
1252 840 1290 900 et

228 951 269 1021 in
293 949 509 1024 universum
543 948 860 1039 consideraretur,
896 927 1074 1040 facileque
1106 945 1194 1016 inde
1224 946 1289 1016 in·-

229 1065 434 1156 telligatnr,
460 1075 649 1136 auctorem
674 1065 819 1159 singula
836 1087 1002 1157 quaeque
1025 1063 1197 1156 persequi
1221 1085 1291 1132 nec

230 1182 401 1273 voluisse,
427 1203 510 1273 nec,
534 1203 661 1254 rerum
686 1183 792 1276 copia
816 1181 896 1252 fero
920 1176 1066 1250 infinita
1090 1183 1291 1274 praepedi-

232 1311 325 1390 tum,
351 1299 527 1393 potuisse,
553 1321 665 1370 nemo
690 1320 769 1369 non
793 1298 906 1390 videt,
931 1298 1292 1389 commentationem,

231 1439 324 1510 quae
350 1415 397 1486 de
420 1417 526 1509 poesi
542 1415 772 1488 Graecorum
787 1416 983 1486 dramatico
998 1415 1085 1508 agit,
1110 1437 1188 1485 non
1213 1401 1318 1486 essex

152 1529 156 1537 ’
232 1531 454 1624 absolutam,
479 1557 562 1607 esse
586 1546 710 1607 autem
743 1532 1064 1625 investigationem
1088 1554 1173 1600 cum
1198 1555 1293 1602 con·

233 1648 457 1720 sideratione
482 1651 611 1723 critica
635 1653 746 1724 altius
769 1649 1063 1743 persequendam
1087 1658 1125 1718 ct
1140 1647 1187 1716 ad
1211 1649 1294 1717 sin-

226 1765 336 1858 gulos
360 1775 488 1856 poetas
514 1766 733 1837 dramaticus
756 1789 960 1860 eorumque
983 1763 1189 1859 tragoedias
1214 1775 1296 1869 tra·-

234 1879 439 1952 ferendum.
488 1879 575 1953 Hoc
601 1883 871 1976 interpretandi
895 1905 1023 1975 genus,
1049 1882 1158 1952 sicuti
1171 1885 1295 1953 annno

232 1996 464 2090 designatum
487 1995 686 2090 habemus,
712 2000 786 2070 crit
807 2000 850 2070 in
875 2022 932 2088 eo,
956 1998 1064 2070 utin
1087 1997 1296 2069 fabularum

233 2115 464 2183 narrationes
496 2115 677 2204 mythicas
707 2106 744 2206 ²)
777 2116 959 2207 inquirat,
995 2125 1040 2182 ut
1071 2115 1298 2206 singularum

234 2227 381 2301 fabulae
405 2229 567 2321 partium
593 2229 838 2322 complexum,
865 2252 974 2321 quem
1000 2228 1135 2298 Graeci
1160 2234 1299 2306 cisora-

233 2341 324 2442 μίαν
349 2356 493 2436 vocant,
520 2346 729 2418 consideret
749 2359 786 2419 et
811 2346 997 2441 dijudicet,
1022 2358 1076 2436 ut,
1103 2349 1191 2439 quid
1209 2349 1303 2442 pul-

237 2484 342 2531 crum
369 2464 436 2549 sit,
449 2489 451 2495 ’
464 2462 552 2553 quid
577 2462 737 2552 fatuum,
763 2466 966 2556 ponderet,
991 2473 1035 2532 ut
1056 2462 1227 2557 denique,
1253 2466 1299 2535 ad

236 2576 327 2647 artis
352 2577 501 2645 initiann
532 2598 845 2672 progressumque
868 2581 1089 2673 respiciens,
1123 2592 1300 2673 quantum

235 2693 423 2787 tragoedia
447 2691 521 2765 hoc
545 2693 697 2765 nomine
717 2693 828 2769 distet
851 2721 874 2767 a
897 2697 1084 2790 prioribus
1110 2706 1148 2767 et
1170 2707 1300 2793 poste-

275 2964 306 3037 ⁸)
335 2966 370 3019 In
388 2960 494 3035 quibus
511 2967 580 3015 sunt
605 2960 780 3033 „Reisigius‚
799 2962 850 3037 qni
866 2963 971 3019 Enarr.
988 2964 1076 3038 Soph.
1094 2964 1165 3021 Oed.
1184 2964 1248 3024 Col.
1271 2984 1303 3041 p.

306 3044 497 3103 XII-XXV.
516 3053 598 3099 acute
614 3055 641 3101 et
658 3047 805 3119 ingeniose
829 3049 865 3105 de
887 3052 1017 3125 partium
1041 3050 1155 3107 fabulae
1178 3070 1303 3125 compo-

267 3177 270 3184 ,
307 3132 409 3187 sitione
426 3130 540 3184 disserit
562 3140 590 3185 et
606 3132 785 3188 Praelatioue
807 3136 842 3189 ad
860 3138 950 3192 Arist.
985 3137 1062 3197 Nus.
1087 3146 1186 3209 poetae
1204 3136 1302 3192 consi·

308 3216 381 3271 lium
401 3224 428 3269 et
445 3222 571 3269 mentem
590 3216 696 3287 aperit3
725 3219 804 3275 Guil.
824 3219 858 3274 de
875 3221 1039 3275 Humboldt
1056 3222 1148 3277 Praei
1166 3223 1202 3277 ad
1220 3223 1302 3292 Aga·

308 3318 492 3356 memnonem
515 3318 531 3354 a
556 3318 585 3354 se
604 3318 788 3373 conversam,
818 3306 1003 3361 Hermannus
1029 3309 1123 3364 Praei.
1150 3310 1186 3364 ad
1211 3306 1302 3381 soph.

305 3384 684 3458 Philoct.p.x1-xv111.
721 3389 798 3443 Ante
815 3389 923 3447 editum
940 3391 1090 3465 Schlegelii
1108 3413 1199 3467 opus,
1225 3391 1306 3465 qnod

306 3470 389 3525 anuis
409 3474 598 3539 1809-1811.
618 3471 712 3529 tribus
730 3475 928 3531 voluminibus
944 3476 1063 3549 prodiit,
1083 3479 1161 3535 Guil.
1178 3479 1305 3533 Snever-

249 3568 254 3577 '
309 3556 375 3611 nius
393 3574 514 3628 operam
533 3556 672 3625 quamsit
690 3560 820 3614 criticam
838 3558 970 3629 Aeschyli
991 3558 1054 3614 vn.
1072 3574 1174 3616 contra
1192 3562 1305 3615 Thebas

308 3638 423 3693 fabulae
438 3648 607 3704 novaverat,
626 3640 707 3706 cuius
719 3641 900 3692 tralationem
916 3641 1102 3697 vernaculam
1114 3653 1142 3698 et
1155 3662 1305 3699 commen·

308 3722 447 3775 tationem
465 3720 602 3791 sagaciter
619 3719 820 3793 eleganterque
837 3723 974 3795 scriptam
992 3743 1069 3780 anno
1089 3730 1166 3799 1795.
1185 3728 1284 3785 edidit.

276 3840 302 3909 ²)
321 3837 405 3891 Hanc
416 3836 592 3907 quaestionis
608 3845 720 3908 partem
737 3856 798 3893 uon
815 3839 904 3911 attigi,
922 3842 1031 3917 quippe
1045 3861 1119 3916 qnae
1134 3841 1306 3899 inVelckeri
1377 3867 1392 3878 =

311 3923 406 3991 libro,
432 3920 587 3976 vernacule
612 3922 719 3993 scripto
746 3923 790 3978 die
807 3925 1006 3998 Aeschylische
1029 3928 1157 4001 Trilogie
1182 3928 1306 3982 Prome-

309 4006 392 4062 theus
412 4008 501 4074 1824„
521 4015 549 4060 et
566 4006 622 4062 alio
639 4005 815 4082 Nachtraege
831 4028 883 4066 aur
900 4012 1064 4070 Promethie
1084 4016 1160 4071 1826.
1178 4012 1259 4069 docte
1277 4022 1305 4067 et

312 4092 421 4166 egregie
438 4100 558 4149 tractata
574 4094 620 4150 sit.
