2959 4750
606 220 806 298 ,fin-16
846 253 913 292 .·.···.

252 407 450 490 ricordiam
467 438 569 486 suam
584 411 805 508 significant,
815 415 975 507 factique
984 436 1128 484 causam
1143 413 1312 483 crecenti

253 533 422 604 Deorum
439 527 601 603 dominio
619 531 794 624 Jovisque
814 555 944 601 eorum
959 530 1053 600 duro
1067 531 1223 624 imperio
1244 552 1311 599 re-

253 663 387 744 petunt
400 644 459 740 (V.
474 642 707 740 159-157.).
735 647 931 740 Utrimque
941 647 1032 720 Jove
1049 647 1225 720 conviciis
1240 644 1312 715 ob-

256 777 360 857 ruto,
388 767 482 834 scire
498 787 597 852 sese,
623 764 743 856 iuquit
758 764 1015 854 Prometheus,
1041 788 1062 832 a
1079 785 1238 856 quonam
1252 761 1314 830 hio

256 883 402 976 sceptro
419 882 584 975 privatus
599 881 717 970 foret,
744 903 820 951 nou
836 883 939 973 prius
958 895 1082 952 tamen
1105 881 1145 951 id
1167 901 1206 948 se
1229 899 1316 945 cum

257 1000 388 1070 eodem
406 1021 485 1068 esse
501 999 873 1086 communicantium,
900 1021 1009 1090 quam
1033 1021 1073 1066 se
1089 1019 1136 1065 ex
1159 991 1317 1066 vinculis

177 1155 180 1160 ¹
256 1117 435 1190 solvisset.
488 1111 609 1202 Quam
621 1113 734 1192 animi
752 1116 1018 1187 contumaciam
1032 1113 1178 1182 Chorus
1196 1107 1316 1181 vehe-

256 1242 401 1304 menter
416 1230 618 1321 improbat,
645 1231 819 1322 quoniam
835 1232 996 1302 atrocior
1010 1231 1060 1300 'sit
1078 1240 1114 1299 et
1128 1226 1319 1319 potentior

258 1348 423 1441 Jupiter,
450 1369 558 1437 quam
582 1347 645 1441 qui
668 1348 719 1416 ita
733 1346 833 1419 flecti
854 1360 963 1443 queat
982 1342 1043 1439 (V.
1065 1337 1316 1434 158-194.).

261 1465 402 1536 Contra
414 1463 658 1536 Prometheus
673 1463 810 1536 bonam
834 1490 938 1560 spem
954 1466 1036 1555 alit,
1062 1466 1164 1554 fore,
1180 1474 1233 1534 ‘ut
1255 1461 1318 1532 illc

234 1623 237 1628 ·
260 1566 385 1656 secum
402 1569 444 1650 in¹
458 1582 653 1652 amicitiam
670 1582 797 1652 redeat
805 1595 962 1676 coactus.
990 1583 1075 1671 Quo
1091 1582 1144 1670 fit,
1161 1578 1317 1652 utCho-
1447 1642 1451 1685 ἶ

259 1723 325 1770 rus
343 1676 554 1787 enpostulet
569 1697 656 1768 sacti
677 1700 930 1769 narrationem
951 1700 1144 1792 integram.
1192 1697 1321 1790 Itaque
1450 1678 1451 1739 Ῐ

260 1823 387 1886 narrat
402 1811 665 1904 Prometheus,
692 1836 759 1884 suo
783 1815 921 1886 auxilio
943 1817 1108 1910 adjumm
1121 1814 1250 1887 Jovem
1273 1813 1321 1883 de
1450 1810 1451 1815 ’

260 1933 397 2006 throno
408 1929 793 2020 dejecisseSaturnum
807 1943 1044 2028 patrem,quo
1057 1929 1321 2005 factouoluisse
1450 1984 1451 1995 ,

262 2048 421 2144 perdere
435 2070 552 2138 genus
568 2045 792 2138 humanum,
819 2061 913 2118 etse
934 2051 1205 2135 intercessisse,
1229 2045 1322 2116 illud
1450 2032 1452 2088 i

264 2164 409 2236 salvum·
420 2162 641 2252 reddidisse,
670 2176 705 2232 et
718 2175 917 2256 propterea
931 2164 1025 2234 mala
1038 2163 1195 2256 perpeti.
1221 2162 1322 2234 Tum
1450 2157 1452 2221 i

262 2281 390 2364 Choro
415 2279 566 2374 lugente
588 2290 626 2350 et
647 2281 863 2354 Promethei
886 2282 1174 2375 imprudentiam
1195 2281 1324 2350 incre·
1450 2240 1452 2273 Ε

263 2407 393 2497 pente,
420 2398 471 2483 is,
495 2396 577 2483 illa,
604 2397 735 2488 inquit,
763 2423 804 2467 se
818 2398 1042 2491 prudentem
1059 2397 1192 2467 fecisse
1206 2409 1244 2470 et
1258 2423 1325 2482 sua
1445 2387 1452 2488 {¹

265 2524 415 2611 sponte,
449 2510 543 2585 tanti
567 2513 748 2585 cruciatus
770 2516 919 2609 quidem
941 2515 1119 2586 nescium.
1174 2515 1322 2586 Chorus
1446 2509 1452 2578 '5

263 2643 389 2705 autem
413 2630 472 2699 his
497 2640 722 2721 commotus,
751 2655 798 2701 ex
819 2634 907 2703 ae‘ro
929 2631 1118 2702 descendit
1138 2633 1180 2701 in
1202 2644 1325 2705 terrae
1450 2615 1451 2660 ³

267 2738 722 2839 solum(V.195-291.).
773 2745 931 2821 Advolat
949 2747 1139 2836 Oceanus,
1165 2749 1326 2819 Prome·
1445 2781 1448 2802 ι

265 2865 394 2934 theum
406 2862 619 2952 invitatum,
645 2873 688 2932 ut
704 2885 744 2931 se
759 2874 902 2950 certum
924 2863 965 2931 in
985 2861 1186 2931 reinserta
1203 2879 1330 2943 cernat

266 2981 437 3051 amicum.
452 2964 454 2970 ¹
476 2976 577 3053 Tum
592 2979 636 3050 ab
652 3002 696 3049 eo
710 2980 837 3073 paucis
849 2978 1102 3074 interpellans
1117 2963 1257 3069 suadet,
1283 2994 1327 3051 ut
1446 2971 1452 3003 [ἱ

267 3081 458 3171 moderate
487 3104 569 3187 agat
606 3106 643 3189 et
672 3119 757 3165 cum
778 3098 870 3169 Jove
902 3096 1058 3190 gratiam
1088 3097 1327 3188 redintegret.
1450 3105 1452 3144 Ι

268 3210 511 3291 Prometheus
529 3221 651 3281 autem
664 3222 745 3283 tum
761 3211 838 3304 ejus
853 3214 1168 3300 intercessionem,
1193 3213 1329 3281 tumde

270 3332 327 3401 ira
350 3326 575 3401 moderanda
596 3329 792 3401 consilium
821 3334 991 3428 repudiat
1012 3344 1052 3403 et
1072 3331 1264 3403 Oceanum
1287 3330 1327 3399 iu

270 3434 392 3547 tutum
408 3448 583 3519 recedere
596 3448 710 3546 jubet.
764 3451 849 3542 Qua
873 3453 1040 3523 oratione
1066 3461 1270 3519 commotus
1293 3461 1329 3519 et
1450 3495 1452 3502 ·

273 3576 438 3655 exparte
455 3565 761 3633 victus'Oceanus
783 3568 896 3652 cedit,
923 3565 1080 3633 Atlantis
1104 3575 1142 3633 et
1158 3564 1329 3655 Typhoei

273 3671 482 3767 exemplum
514 3678 615 3750 addit
643 3692 681 3750 et
709 3702 823 3752 novas
856 3682 1125 3782 admonitiones
1156 3680 1330 3773 adjungit.

275 3794 518 3869 Prometheus
536 3805 658 3865 autem
674 3820 778 3886 eum,
804 3811 847 3869 ut
863 3822 950 3869 suae
962 3799 1097 3881 ¹salutis
1111 3822 1256 3868 memor
1270 3798 1330 3884 sit,
1448 3801 1449 3824 ³

276 3914 449 3983 admonet
465 3926 501 3984 et
517 3938 647 3985 rursus
663 3916 879 3986 suadentem
895 3929 934 3987 et
948 3916 1170 3990 mulcentem
1192 3916 1246 3984 ita
1265 3914 1328 4002 iu-

278 4042 419 4123 crepat,
445 4042 487 4103 ut
503 4054 571 4127 por
588 4033 711 4103 adrem
728 4026 874 4107 devolet
894 4027 956 4126 (V.
970 4027 1204 4123 osis-riola).
1228 4032 1333 4099 »Jam
