2959 4750
263 523 386 595 verbis
413 520 611 606 divinatur,
639 517 739 608 sore,
766 528 810 586 ut
835 517 876 585 lo
903 514 1103 603 erroribus,
1130 514 1192 605 qui
1219 537 1331 587 accu-

262 641 378 710 ratius
405 648 443 706 et
467 615 603 723 fusius,
642 660 751 726 quam
778 659 845 726 per
877 635 1002 724 poesis
1040 634 1198 725 tragicae
1231 635 1330 726 leges

263 760 385 843 licuit,
428 754 708 844 describuntur,
750 750 944 843 aliquando
970 751 1174 839 absolutis„
1206 753 1330 821 sanam

265 883 427 944 mentem
460 881 673 962 recuperet,
717 881 755 938 et
787 869 826 935 in
861 864 1027 960 Aegypto
1062 865 1180 936 filium
1212 871 1332 961 pariat

263 989 478 1084 Epaphum,
504 999 645 1076 terrae,
671 987 782 1058 Delta
807 985 960 1054 nomine
984 985 1159 1076 insignis,
1193 1010 1330 1078 regem,

261 1132 311 1177 ex
344 1105 447 1194 cujus
481 1105 659 1196 progenie
691 1115 862 1195 tempore
896 1112 998 1169 certo
1033 1104 1237 1194 praeterito
1263 1104 1333 1172 sibi

263 1233 435 1294 nascatur
468 1221 655 1290 liberator.
722 1219 844 1313 Atque
878 1219 918 1286 in
951 1219 1023 1286 hoc
1057 1240 1261 1309 congressu
1295 1233 1332 1290 et

263 1338 457 1425 vaticinio,
496 1361 605 1429 quam
638 1348 769 1429 poetae
803 1335 1019 1428 sapientiam
1051 1331 1150 1402 haud
1183 1339 1332 1408 medio-

265 1482 365 1528 crem
390 1455 474 1545 jure
496 1455 655 1544 dixeris,
691 1455 765 1523 duo
793 1456 880 1524 sunt
905 1452 1223 1526 animadversione
1254 1483 1332 1530 non

264 1575 425 1666 indigna.
477 1572 574 1642 Nam
607 1574 707 1665 quod
728 1557 842 1641 'Ionis
876 1593 1026 1638 errores
1058 1572 1237 1668 perlonga
1263 1577 1332 1647 de-

265 1692 477 1761 scribuntur
503 1692 670 1759 oratione
696 1690 743 1760 V.
766 1686 980 1776 737u767.
1007 1687 1332 1786 811—901.,‘qua

262 1809 361 1877 bona
393 1827 479 1894 pars
512 1804 655 1873 fabulae
690 1805 879 1896 expletur,
918 1804 957 1871 id
991 1828 1075 1873 cum
1100 1829 1121 1873 a
1144 1811 1334 1900 tragoedia

265 1924 367 1996 omni
400 1922 580 2011 alienum,
619 1934 699 1991 tum
740 1922 886 1991 fabulae
917 1934 1067 1990 nostrae
1108 1925 1333 2016 simplicitati

263 2059 342 2114 non'
368 2051 658 2110 consentaneum
685 2063 765 2108 esse
790 2041 913 2132 primo
940 2042 1071 2110 obtutu
1101 2043 1330 2133 intelligitur.

266 2160 378 2250 Quod
412 2159 455 2226 ab
491 2157 684 2243 affinitate,
724 2159 924 2225 dramatico
950 2181 1042 2247 quae
1075 2168 1194 2226 estet
1225 2161 1330 2251 epico

264 2276 410 2373 generi,
449 2275 547 2366 quod
575 2284 612 2341 et
644 2273 907 2344 verbositatem
933 2274 1115 2365 quandam
1142 2286 1179 2343 et
1208 2278 1331 2344 iuter-

263 2398 402 2491 positas
429 2416 555 2461 rerum
581 2404 769 2482 gestarum
795 2393 997 2462 alienarum
1014 2396 1246 2462 narrationes
1259 2417 1331 2465 ve-

263 2515 457 2584 hementer
474 2509 646 2596 adamat,
674 2520 716 2576 ut
741 2520 849 2577 antea
876 2512 1084 2602 expositum
1110 2520 1184 2597 est,
1211 2510 1333 2601 repeti

265 2632 383 2700 debet.
434 2624 565 2718 Neque
580 2624 785 2717 Aeschylus
810 2627 879 2695 hac
904 2630 945 2695 in
970 2652 1012 2698 re
1038 2638 1143 2695 cauta
1168 2627 1331 2695 circum—

263 2744 454 2841 spicientia
478 2722 654 2834 rectoque
679 2744 817 2834 judicio
843 2769 931 2814 usus
958 2758 1023 2815 est.
1073 2746 1205 2836 Longe
1230 2745 1329 2813 enim

199 2906 203 2919 =
263 2868 335 2935 alia
357 2864 452 2931 ratio
481 2872 536 2929 est
569 2863 809 2947 narrationis,
844 2887 952 2952 quam
985 2864 1082 2950 apud
1108 2862 1329 2950 Sophoclem

261 2983 437 3053 ludorum
462 2975 731 3067 Delphicorurn
765 2978 911 3047 Orestis
944 2978 1175 3069 paedagogus
1206 2978 1331 3045 'tradit

263 3095 422 3193 (Electr.
456 3094 504 3164 V.
541 3094 683 3161 680—-
700 3091 807 3188 763).
873 3095 957 3164 Nan
990 3107 1033 3163 ut
1070 3096 1139 3163 alia
1173 3095 1329 3169 duarum

262 3216 473 3285 orationum
493 3211 703 3279 discrimina
728 3224 924 3301 taceamus,
950 3212 1028 3281 ludi
1044 3211 1218 3303 Delphici
1241 3224 1330 3279 tan-

260 3343 299 3401 ta
332 3330 372 3397 in
406 3326 563 3397 Graecia
598 3341 703 3399 erant
737 3331 965 3418 celebritate,
1003 3341 1105 3399 tanta
1138 3329 1326 3421 dignitate,

263 3460 306 3519 ut
338 3447 506 3517 omnium
541 3458 790 3540 spectatorum
822 3449 1037 3547 interesset,
1073 3472 1203 3518 eorum
1235 3471 1327 3516 nar-

262 3568 444 3635 rationem
470 3566 616 3654 audire3
654 3565 813 3637 libenter
845 3569 958 3656 igitur
984 3579 1021 3633 et
1046 3568 1197 3656 cupide,
1236 3588 1329 3656 quae

263 3682 468 3775 Sophoclea
492 3678 895 3782 Electrapaedagogus
922 3681 1104 3772 exposuit,
1131 3682 1174 3749 ab
1202 3682 1328 3749 omni-

261 3800 343 3886 bus,
372 3798 435 3888 qui
462 3796 643 3885 adessent,
671 3798 953 3888 accipiebantur.
1007 3797 1110 3887 Quid
1135 3810 1256 3868 autem
1281 3798 1327 3865 ad

264 3918 448 4005 Graecos,
476 3916 646 4003 obsecro,
682 3914 853 4007 Scythiae
879 3914 1075 4006 nomades,
1110 3918 1198 4010 quid
1223 3915 1327 3985 Cha-

261 4034 383 4127 lybes,
425 4032 627 4137 Caucasus,
667 4029 888 4122 Amazones,
939 4034 1028 4127 quid
1070 4034 1327 4121 Cimmericus,

264 4154 384 4245 campi
401 4150 573 4241 Ciotheii,
599 4152 815 4240 Phorcidas,
840 4148 1026 4243 Arimaspi
1051 4160 1088 4222 et
1112 4150 1185 4221 hoe
1209 4168 1325 4243 genus
