2959 4750
576 345 830 424 ...49-

263 531 320 602 Ita
346 530 538 623 exprimo
565 530 675 620 vitio,
717 529 817 623 quod
844 539 958 622 poeto
989 529 1030 599 in
1055 526 1231 624 eligendis

164 646 440 739 statuendisque
456 646 572 716 Chori
587 647 757 739 personis
770 639 1094 739 ²¹)‘commiserat
1120 646 1230 719 dein-

164 784 249 854 ceps
275 762 345 832 atia
368 763 484 836 multa
508 775 594 836 nata
618 775 714 844 sunt

160 932 370 954 m

160 1025 307 1098 assentiri,
333 1031 352 1087 l.
365 1029 384 1085 l.
400 1050 432 1106 p.
450 1035 508 1088 1133
526 1031 697 1106 disputanti:
732 1035 794 1096 „In
817 1031 894 1085 allen
910 1028 1016 1086 werhen
1038 1031 1086 1084 des
1109 1031 1228 1086 dudam

159 1111 222 1177 (des
238 1115 404 1186 Aeschylus)
429 1117 466 1169 ist
487 1117 533 1170 dis
552 1116 629 1170 wahl
652 1119 701 1170 der
720 1133 855 1187 personcn
876 1134 939 1169 zum
962 1115 1033 1169 Cher
1054 1114 1230 1188 meisterhafl

157 1197 307 1267 gatroffen,
329 1199 388 1254 ihre
411 1193 638 1257 indiuidhalitaet
655 1203 706 1258 mit
728 1195 847 1254 sc'clcerer
862 1198 940 1253 hand
953 1199 1086 1271 gehnlten
1105 1201 1164 1252 und
1180 1202 1229 1254 der

159 1289 282 1333 contras!
309 1285 360 1336 mit
386 1287 435 1338 der
464 1286 649 1358 hauptperson
676 1305 729 1340 von
755 1293 892 1356 groesster
913 1283 1098 1338 sctomteitr‘
1144 1281 1228 1340 Certe

159 1361 230 1418 haec
246 1367 343 1422 omnia
360 1367 397 1422 ad
413 1367 765 1425 Prometheum‘vinctum
783 1369 928 1441 applicare
944 1385 1006 1422 non
1022 1367 1097 1423 licet.

228 1465 272 1534 ²¹)
290 1467 332 1518 At
348 1466 457 1520 dixerat
474 1469 633 1540 quispiam,
661 1467 740 1539 quod
767 1483 828 1519 non
851 1468 907 1519 nisi
925 1466 1014 1520 animi
1031 1484 1118 1520 cansa
1133 1485 1226 1522 anne-

159 1545 276 1614 ctimus,
300 1549 443 1621 sapienter
460 1559 490 1603 et
507 1551 638 1605 consulto
658 1549 872 1616 Oceanitidibus
890 1548 980 1603 Chori
996 1560 1092 1621 partes
1109 1569 1126 1604 a
1143 1563 1228 1624 poeta

158 1629 280 1684 tributas
313 1651 381 1688 esse.
421 1632 510 1698 Tradi
545 1635 622 1690 enim
649 1634 684 1692 ab
714 1633 855 1689 Androne
877 1633 1120 1688 Halicarnassensi
1148 1638 1226 1709 apud

158 1713 328 1771 scholiasten
351 1717 387 1773 ad
408 1717 632 1793 Lycophronem
655 1721 691 1774 V.
708 1722 786 1790 sps,
816 1715 1109 1789 quattuor‘hahuisse
1133 1719 1228 1777 Ocea·

157 1817 230 1855 num
245 1799 335 1871 filias,
352 1803 468 1872 Asiam,
484 1805 623 1877 Libyam,
642 1802 792 1872 Thracen,
809 1793 976 1873 Europam,
994 1802 1127 1874 aquibus
1139 1815 1226 1877 qnat-

158 1891 226 1938 tuor
249 1893 343 1940 terrae
366 1900 462 1958 partes
484 1891 603 1944 nomina
619 1889 776 1954 traherent.
819 1886 872 1940 His
898 1885 988 1956 igitur
1003 1886 1149 1958 ingeniose
1166 1892 1226 1946 Ae-
1254 1924 1257 1928 -

158 1965 288 2037 schylum
306 1966 417 2037 iecisse,
434 1980 467 2024 ut
485 1972 598 2026 Chorus
618 1979 778 2035 constaret,
798 1986 872 2041 quae
890 1978 984 2022 terrae
1000 1970 1164 2027 incolarum
1181 1994 1226 2030 es-

158 2060 221 2104 sent
237 2052 319 2122 quasi
336 2053 459 2125 legatae,
488 2055 691 2110 Prometheum
708 2055 784 2106 inter
805 2061 832 2105 et
849 2051 916 2105 deos
933 2053 1051 2108 mediae.
1091 2047 1225 2119 Primum

158 2153 228 2190 vero
245 2136 364 2193 illorum
375 2140 534 2196 ¹nominum
552 2150 580 2195 et
596 2140 682 2211 hujus
698 2137 784 2192 officii
802 2135 910 2190 mentio
927 2135 959 2190 in
976 2135 1146 2195 Prometheo
1163 2148 1244 2201 non'

155 2221 317 2292 invenitur,
348 2243 420 2296 quae
442 2225 554 2280 disertis
572 2224 668 2280 verbis
693 2222 769 2279 sacta
793 2219 989 2290 inveniretur,
1020 2223 1045 2276 si
1071 2227 1224 2286 nominum

156 2305 363 2377 significatione
380 2319 464 2383 poeta
481 2310 524 2363 nti
542 2301 685 2364 voluisset.
719 2304 829 2362 Deinde
844 2304 980 2371 nescitur,
997 2323 1070 2364 num
1082 2310 1224 2386 Aeschylo

156 2410 230 2465 quae
247 2393 340 2447 Andr.
357 2402 474 2460 narrat,
498 2394 689 2448 innotuerint.
733 2390 832 2445 Tertio
853 2389 977 2462 denique
993 2397 1104 2465 opponi
1120 2409 1227 2471 posset,¹

155 2479 375 2551 quaternarium
398 2477 488 2533 Chori
512 2496 703 2552 personarum
727 2492 851 2531 numero
875 2491 936 2528 non
958 2476 1098 2537 sufficere.
1137 2484 1224 2543 Unde

156 2566 357 2638 consequitur,
382 2574 415 2618 ut
436 2564 503 2637 plus
521 2575 658 2639 quattuor
674 2561 804 2636 personis
822 2558 984 2614 Promethei
1002 2563 1090 2617 vineti
1109 2564 1223 2622 Chorus

157 2649 324 2705 constiterit.
372 2646 437 2700 Hoc
459 2659 556 2703 autem
578 2649 603 2701 si
626 2666 728 2701 verum
754 2655 812 2711 est,
845 2642 965 2696 illorum
990 2648 1143 2702 nominum
1169 2668 1223 2707 nec

155 2732 263 2787 mentio
289 2748 342 2786 nec
367 2728 537 2800 significatio
563 2732 595 2785 in·
622 2731 750 2786 fabulam
772 2737 902 2784 nostram
925 2727 986 2783 ullo
1005 2740 1098 2802 pacto
1122 2733 1223 2799 cadere

156 2825 259 2891 potest.
