2959 4750
580 341 642 373 !-
691 305 740 388 63
790 341 843 373 τ·

182 506 416 596 Quamquam
431 498 567 572 infitias
583 525 659 574 non
681 503 824 590 iverim,
849 514 1009 594 poetam,
1035 528 1146 598 quem
1160 531 1248 603 my-

182 623 306 694 steriis
338 618 539 691 Eleusiniis
580 621 766 691 initiatum
802 619 917 689 fuisse
949 632 1095 697 veteres
1127 628 1247 696 madi-

183 737 337 824 derunt,
363 735 552 829 vulgarem
576 736 840 830 mythologiam
868 735 1099 832 deorumque
1121 765 1248 836 popu..

181 853 315 924 larimn
346 853 493 925 turbam
528 853 717 945 despectui
750 854 871 946 iisque
906 854 1027 936 missis
1061 879 1139 928 non
1176 861 1250 942 nisi

179 969 318 1040 Fatum
349 991 411 1041 res
443 969 654 1039 mundanas·
682 991 814 1061 regere
839 969 910 1037 sibi
933 991 1150 1060 persuasum
1175 973 1248 1043 ha-

179 1086 305 1168 buisse
326 1079 397 1177 ³²).
455 1085 536 1168 ,Vel
565 1096 710 1156 tantum
744 1085 865 1174 abest,
903 1096 945 1156 ut
968 1084 1062 1155 Fato
1086 1110 1253 1161 summas·

178 1223 222 1272 ae
255 1201 470 1294 singulares·
490 1207 614 1294 partes
652 1203 694 1271 in
730 1199 800 1268 hac
832 1181 966 1270 fabula*
987 1200 1032 1270 ab
1065 1200 1247 1300 Aeschylo

177 1318 378 1410 assignatas
404 1339 486 1388 esse
518 1339 713 1410 negemus,
749 1328 793 1386 ut
824 1315 897 1389 hoc
928 1329 1060 1409 poetae
1083 1321 1124 1390 in
1148 1345 1247 1416 pan-

178 1433 309 1527 gendis
334 1433 567 1504 Prometheis
598 1458 785 1503 summum
815 1433 1010 1501 consilium
1043 1437 1090 1505 ob
1117 1438 1252 1507 oculos

177 1553 417 1643 animumque
435 1550 671 1622 obversatum
692 1572 774 1618 esse
797 1571 1028 1639 censeamus,
1054 1563 1097 1622 ut
1111 1552 1246 1645 Fatum

176 1665 475 1761 potentissimum
507 1690 549 1736 ac
581 1664 854 1736 sanctissimum
886 1675 924 1734 et
955 1667 1003 1735 de
1036 1666 1106 1736 diis
1137 1669 1246 1762 etde

176 1783 352 1865 heroibus
389 1782 534 1876 quoties
574 1781 850 1875 obstreperent,
891 1781 1102 1876 triumphos
1136 1807 1244 1880 agere

176 1900 491 1992 splendidissimos
516 1899 676 1968 doceret.
1234 1983 1238 1989 Ι

275 2012 405 2104 Itaque
429 2035 478 2082 ne
502 2014 701 2102 miremur,
729 2014 818 2106 quid
831 2015 902 2104 ait,
928 2016 1026 2108 quod
1042 2012 1246 2110 Aeschylus

175 2131 332 2210 deorum
355 2129 517 2221 principi
531 2129 656 2212 animi
680 2131 912 2200 ferocitatem
932 2142 970 2202 et
990 2130 1244 2202 crudelitatem

176 2257 215 2319 et
238 2247 372 2316 malam
396 2245 588 2315 libidinem
613 2269 657 2316 ea
687 2246 728 2316 in
762 2245 885 2317 fabula
915 2249 1135 2340 imputaret,
1174 2244 1245 2341 qua

173 2363 325 2455 Fatum,
352 2362 423 2432 diis
447 2361 733 2459 hominibusque
757 2364 867 2456 longe
885 2367 1074 2457 potentius
1096 2377 1133 2435 et
1152 2390 1243 2435 san-

176 2483 269 2553 ctius
295 2503 376 2552 esse
396 2480 651 2551 demonstrare
669 2482 904 2575 propositum
924 2492 1014 2551 erat.
1063 2481 1244 2575 Utrisque

175 2601 277 2671 enim
308 2598 418 2666 simul
451 2597 636 2667 collocatis
669 2608 707 2667 et
737 2598 790 2668 ita
821 2596 922 2666 inter
954 2594 996 2665 se
1021 2598 1242 2693 comparatis

173 2716 256 2789 illos
283 2736 485 2805 eorumque
507 2736 635 2805 regem
659 2710 731 2780 hoc
757 2711 953 2781 debiliores
979 2723 1016 2782 et
1034 2713 1159 2785 minus
1177 2714 1242 2806 ju·-

174 2844 250 2905 stos
276 2829 435 2902 describi
459 2827 636 2923 oportuit.
685 2825 817 2921 Neque
836 2844 933 2897 vero
956 2850 1053 2899 nova
1071 2838 1108 2899 et
1128 2829 1241 2900 inan*

174 2950 250 3019 dita
284 2949 439 3019 crimina
470 2956 581 3039 poeta
607 2946 691 3019 Jovi
724 2944 853 3033 finxit,
888 2969 1002 3037 quum
1035 2955 1182 3046 notum
1198 2944 1242 3017 in

173 3067 390 3157 antiquitate
416 3075 513 3134 esset
539 3073 576 3132 et
598 3064 749 3151 tritum,
777 3071 815 3129 et
838 3060 1055 3129 libidinosos
1076 3060 1141 3134 ,hic
1165 3061 1243 3148 illie

174 3204 256 3261 esse
288 3179 397 3269 deos,
439 3190 476 3250 et
509 3176 624 3248 multa
656 3178 700 3248 ab
732 3177 779 3263 iis
812 3176 908 3247 facta
940 3200 1057 3271 aequa
1078 3176 1242 3269 justitiae

173 3296 286 3377 lance
310 3320 387 3365 non
419 3297 534 3366 fuisse
564 3320 689 3388 pensa.
744 3290 804 3365 ‚Ao
834 3293 967 3367 Jovem
999 3319 1021 3363 a
1048 3293 1241 3364 communi

173 3414 244 3483 ista
274 3412 358 3481 labe
391 3433 468 3481 non
499 3413 658 3481 liberum
682 3410 879 3496 mansisse,
914 3409 1059 3500 abunde
1090 3422 1241 3502 praeter

172 3522 244 3599 alia
267 3529 462 3596 innumera
487 3527 622 3594 docent
647 3523 830 3612 Semelae,
862 3524 1055 3615 Europae,
1092 3526 1241 3594 Danaes

172 3656 318 3737 stupra,
344 3640 540 3716 Alcmenae
565 3638 797 3745 adulterium.

207 3929 208 3935 ¹
239 3868 283 3937 ³2)
308 3866 480 3939 Dignissima
502 3877 570 3923 sunt
592 3866 685 3944 lectu,
712 3881 786 3937 quae
809 3864 844 3919 de
866 3861 999 3935 Aeschyli
1020 3863 1139 3918 notione
1155 3861 1240 3916 Dices

173 3950 342 4017 etNamesis
364 3951 528 4021 admirabili
554 3969 621 4007 cum
647 3951 779 4008 acumine
807 3959 836 4005 et
850 3950 1058 4023 ,perspicuitate
1085 3947 1168 4002 docet
1191 3946 1238 4001 vir

170 4035 379 4092 illustrissimus
396 4037 474 4091 Guil.
491 4036 526 4091 de
543 4036 705 4091 Humboldt
726 4033 989 4107 in'introductlone
1005 4033 1041 4088 ad
1057 4049 1140 4093 suam
1157 4033 1239 4104 Aga·-

172 4122 335 4179 memnonis
350 4121 533 4179 tralationem
551 4119 732 4175 vernaculam
752 4138 784 4193 p.
795 4121 942 4177 llL—Vl.
1022 4160 1025 4165 J
